2926 4372
282 173 352 250 ιιι
423 129 472 254 Q,
497 147 634 228 sm
656 147 803 227 Μαι.
827 145 1198 274 fra-aroannam
1271 207 1275 212 .

279 309 505 390 mariamnes
524 308 776 400 recusaverat,
802 313 864 384 vel
883 309 927 383 de
944 307 1115 402 discipulo
1132 305 1343 384 Timotheo

280 414 478 508 argumenti
494 409 573 486 satis
594 409 661 484 esi:
688 429 793 501 quem
804 424 956 506 propter
972 409 1196 501 stomachum
1220 407 1260 480 δι
1278 403 1343 480 affi·

280 511 367 589 duas
379 511 641 590 imbecillitates
653 509 800 586 modico
816 511 906 582 vino
919 529 1070 584 monens
1082 509 1160 598 uti,
1187 527 1275 598 quo
1287 506 1341 578 iiie

279 631 357 685 non
379 631 427 686 ex
451 607 699 701 institutione,
732 609 790 682 sed
816 631 861 688 ex
886 608 1087 684 devotione
1118 607 1341 696 abstinebat,

265 725 447 796 Βιιιειειιιιιι
463 707 650 784 stomacho
662 710 771 805 magis
792 706 1016 794 consuetudo
1031 704 1245 802 prodesset,
1272 705 1341 778 bot

277 809 356 904 ipso
380 808 623 886 abstinentiam
647 808 723 882 vini
745 808 885 906 dignam
902 808 988 882 Deo
1011 806 1134 900 suasit,
1168 825 1285 898 quam
1301 823 1342 878 ex

280 909 483 990 necesitate
505 905 669 982 dissuasit

356 1029 412 1082 10.
430 1005 559 1100 Aeque
573 1006 742 1081 stationes
757 1003 894 1080 nostras
906 1017 949 1079 ut
960 1005 1141 1104 indignas,
1169 1004 1341 1098 quasdam

278 1127 371 1182 vero
390 1107 473 1182 &iu
489 1103 601 1201 serum
616 1107 849 1198 constitutas,
873 1106 1049 1178 novitatis
1074 1104 1232 1178 nomine
1247 1105 1340 1178 ineu-

278 1205 376 1300 sant,
408 1207 484 1280 iaoc
508 1227 652 1298 quoque
672 1227 800 1280 munus
824 1205 859 1278 ἃ
882 1226 927 1278 ex
952 1206 1100 1280 arbitrio
1125 1205 1339 1281 obeamdun

279 1306 350 1382 esse
374 1305 559 1400 dicenter,
594 1305 721 1378 &non
739 1306 834 1378 ultra
854 1325 989 1378 nonan
1010 1304 1278 1396 detinendum,
1302 1303 1357 1376 dt*

278 1405 343 1490 suo
359 1403 492 1478 scilicet
503 1426 618 1482 more.
667 1404 736 1478 Sed
753 1404 850 1499 quod
863 1405 1041 1497 pertineat
1057 1403 1101 1476 ad
1117 1403 1341 1479 interdictio

277 1504 605 1598 aequationem,
640 1503 746 1578 semel
766 1525 835 1599 pro
854 1503 1022 1578 omnibus
1047 1502 1167 1584 caussis
1190 1502 1338 1597 respon

276 1604 386 1680 *debu
436 1604 546 1678 Nunc
563 1605 606 1678 ad
618 1607 803 1698 proprium
817 1605 922 1697 hujus
940 1601 1067 1696 speciei
1084 1605 1285 1680 articulum
1300 1604 1338 1678 dt

277 1705 391 1780 modo
408 1705 581 1798 temporis
605 1705 711 1797 dico,
746 1705 792 1778 de
814 1705 891 1798 ipsis
907 1704 1004 1800 prius
1020 1695 1334 1796 expostulantium,

277 1805 374 1878 unde
393 1803 487 1880 hanc
505 1801 658 1881 formam
681 1825 781 1880 nona
801 1803 1003 1876 dirimendis
1020 1801 1239 1876 stationibus
1256 1824 1337 1896 pra·

163 1939 165 1946 v
277 1901 449 1980 scribant:
474 1903 597 1994 squia
612 1901 739 1976 Petrus
752 1903 786 1976 a
800 1904 860 1996 qui
878 1921 1044 1995 cuneo,
1072 1900 1115 1974 ad
1127 1901 1262 1976 horam
1276 1923 1337 1976 nn·

276 2025 358 2076 narn
389 2001 563 2076 orationis
591 2005 764 2095 templum
791 2001 996 2098 introgreffiv
1018 2005 1219 2098 leguntur,
1261 2003 1337 2095 quit

276 2101 361 2178 mihi
376 2103 527 2195 probat,
560 2103 643 2175 illos
664 2124 706 2175 ea
722 2099 780 2176 die
792 2099 946 2188 statione
959 2099 1121 2195 sunites,
1150 2114 1195 2174 ut
1210 2100 1336 2176 horam
1356 2123 1357 2154 ι

275 2221 408 2277 nonam
424 2199 470 2274 ad
484 2197 671 2278 clausulam
692 2199 727 2274 st
745 2199 1022 2294 exponetionem
1043 2199 1205 2274 stationis
1228 2202 1336 2274 inter·

275 2311 451 2398 pretatur
499 2299 615 2392 Atqui
629 2299 766 2374 facilius
783 2301 945 2389 invenias
958 2299 1103 2374 Petrum
1122 2299 1215 2372 hora
1238 2299 1334 2374 sexta

278 2399 441 2494 capiendi
466 2399 536 2476 cibi
563 2397 676 2474 causa
699 2401 797 2494 prius
824 2401 862 2474 in
885 2399 1067 2494 superiora
1091 2399 1136 2472 ad
1155 2401 1335 2476 orandun

185 2513 195 2536 ·
277 2497 492 2593 ascendisse,
523 2521 597 2592 quo
624 2499 734 2596 magis
764 2499 863 2577 sexta
892 2501 962 2574 diei
985 2496 1079 2572 finiri
1101 2495 1229 2572 officio
1253 2501 1334 2574 huit

275 2599 401 2695 possit,
428 2619 504 2692 quae
526 2600 612 2674 illud
635 2600 838 2674 absolutura
860 2599 941 2692 post
964 2595 1168 2674 orationem
1186 2597 1332 2674 videba-

276 2712 347 2774 tur.
397 2697 514 2772 Porro
537 2719 618 2772 curn
641 2697 678 2773 in
701 2699 839 2774 eodeni
854 2699 1113 2774 commentario
1137 2695 1278 2789 Luca,
1303 2699 1357 2798 br,

276 2800 383 2874 tertia
404 2799 496 2872 hora
515 2801 689 2874 orationis
713 2797 998 2892 demonstretur,
1031 2797 1092 2871 sub
1115 2819 1184 2890 qua
1210 2795 1334 2892 spiritu

274 2896 396 2978 santio
417 2897 547 2972 initiati
564 2917 631 2991 pro
659 2899 765 2972 ebriis
789 2898 1032 2993 habebantur,
1064 2893 1240 2992 asem,
1265 2919 1332 2992 qua

273 2997 401 3096 Petrus
423 2995 579 3072 ascendit
593 2999 629 3072 in
650 2995 852 3094 superiora,
880 2997 1047 3092 senona,
1073 3017 1142 3090 qua
1157 2999 1331 3092 tempium

274 3095 356 3174 sunt
372 3097 593 3194 introgressi,
619 3119 683 3170 cur
702 3117 779 3170 non
792 3097 1028 3194 intelligamus
1047 3095 1143 3170 salva
1157 3097 1269 3190 plane
1286 3099 1332 3171 in·

275 3195 477 3274 differentia
500 3196 634 3291 semper
656 3197 845 3288 &ubique
867 3197 900 3270 &
922 3199 1208 3294 omnitempore
1231 3217 1331 3272 oran·

252 3292 377 3374 'duma
403 3312 520 3370 tamen
543 3309 616 3370 tres
634 3295 714 3368 istas
731 3297 860 3390 boras,
885 3309 927 3368 ut
942 3285 1148 3392 insigniores
1166 3297 1206 3368 in
1227 3299 1332 3372 rebus

273 3397 455 3488 bunaria,
482 3417 558 3487 quae
579 3393 671 3470 diem
692 3393 923 3490 distribuunt,
952 3413 1028 3488 quae
1044 3395 1200 3490 negopia
1216 3395 1332 3472 distin·
1356 3423 1357 3428 ¹

274 3507 411 3611 gaunt,
435 3517 511 3590 quae
523 3495 665 3590 publice
678 3491 865 3588 resonant,
883 3495 980 3568 ita&
996 3495 1220 3568 soienniores
1235 3491 1333 3570 fuisse

186 3645 189 3652 .
273 3615 311 3670 ιιι
334 3595 557 3668 orationibus
578 3593 731 3668 divinis:
763 3595 863 3686 quod
887 3597 993 3673 etiam
1021 3593 1143 3668 suadet
1165 3591 1331 3673 Danaeia

274 3715 419 3788 quoique
433 3709 676 3790 argumentum
694 3709 750 3768 ter
767 3695 824 3770 die
838 3697 996 3788 orantis,
1020 3695 1145 3786 utique
1166 3717 1237 3790 per
1256 3697 1331 3770 alia-

272 3815 352 3874 turn
365 3795 544 3906 horarum,
551 3795 825 3908 exceptionem,
843 3817 921 3878 ἢθη
934 3795 1078 3894 aliam}
1091 3807 1331 3972 autemifflm
