2638 4342
443 171 874 306 crnurnmg'
1066 199 1136 280 σω

17 435 18 468 ,
77 357 162 438 Nec
175 359 274 436 velle
288 353 413 437 sslic'ite
426 320 625 444 Dominum
644 363 789 456 culpare
805 357 972 434 docendo
1085 425 1090 444 ,

77 461 252 556 Suscitet,
270 473 331 534 aut
344 481 448 556 quem
463 462 634 554 animam,
648 475 814 554 tanquam
827 459 870 534 srt
880 455 973 556 pessa
984 457 1136 558 ruinam,

77 561 228 639 liberet
245 575 416 653 amorre,
443 559 636 634 &viventi
654 559 744 634 facta
757 571 918 634 maneret

78 659 196 756 Copia
211 657 351 734 desolo
367 663 520 751 merito,
548 661 629 752 quia
645 659 790 734 fortiter
812 659 895 755 egit

79 758 130 834 Et
146 781 233 832 caro
247 781 474 834 communem
487 759 624 854 semper
642 757 768 833 sortita
785 759 960 852 laborem,

78 859 280 954 Linquatur
299 871 426 954 terrae,
451 861 577 933 mortis
600 859 641 932 fit
656 858 774 952 praeda
790 861 969 954 perennis.

24 990 29 1010 ι
80 955 181 1056 Ergo
200 959 352 1033 bominis
370 959 484 1034 anima
499 961 633 1056 placuit
647 957 755 1050 Deo,
780 957 936 1032 fortibus
954 953 1065 1030 abiis?

80 1059 198 1134 Nullo
212 1057 286 1142 soie
302 1058 413 1134 modo'
430 1059 552 1152 putuit
566 1059 638 1132 stne
658 1079 765 1131 carne
782 1059 935 1152 placere.

81 1157 216 1234 Vincla
233 1159 337 1253 tulit,
363 1179 505 1254 penas,
533 1177 619 1230 caro
639 1158 805 1232 membris
825 1157 971 1230 vincula
985 1155 1097 1254 geffit

83 1255 310 1352 Contempfit
328 1273 508 1350 mortem,
534 1255 592 1332 sed
608 1277 750 1332 carnem
765 1273 886 1332 morte
899 1257 1055 1350 reliquit

82 1356 149 1432 Illa
167 1359 293 1432 dolens
311 1359 466 1455 gemuit,
492 1359 569 1434 haec
582 1359 691 1430 vitaa
706 1361 858 1430 uulnere
878 1355 962 1430 caesa
982 1354 1044 1430 est,

15 1473 16 1546 ἶ
82 1457 149 1534 Illa
160 1459 254 1552 petit
264 1459 438 1550 requiem:
464 1457 541 1546 haec
555 1455 653 1530 ferro
671 1457 705 1530 in
721 1455 975 1550 pulverefusa,

84 1555 262 1650 Piscibus,
287 1558 448 1650 alitibus,
474 1559 561 1630 tabo
582 1557 762 1648 cinerique
784 1554 904 1630 relicta
924 1555 986 1632 cib
1025 1621 1028 1636 ,

80 1653 275 1754 frangitur
289 1655 431 1748 infelix,
456 1657 605 1748 laniata,
631 1653 743 1752 sparsa
757 1653 931 1748 liquescit,

84 1757 239 1854 Surgere
252 1777 329 1830 non
343 1753 498 1830 meruit?
524 1753 607 1848 quid
628 1755 723 1830 enim
739 1757 965 1830 committere
987 1753 1062 1828 sols

84 1855 268 1931 Exanimis
281 1857 425 1952 potuit,
451 1875 528 1948 quae
542 1855 589 1928 fic
605 1853 705 1932 causa
722 1853 843 1928 invida
864 1855 950 1927 vitae

85 1955 264 2052 Impedit,
292 1969 354 2028 sut
368 1955 540 2049 prohibet
555 1955 626 2028 Dei
646 1955 742 2028 dona
761 1951 1110 2050 capesserecamem,

86 2053 251 2147 Cumque
262 2053 321 2128 sua
335 2053 430 2128 socia
445 2053 671 2147 conjunctam
688 2053 816 2130 vivere
833 2051 994 2150 semper?

87 2154 246 2230 Cernere
263 2154 352 2248 quid*
365 2153 475 2228 fuerit
493 2151 668 2228 conuersa
687 2155 726 2228 in
746 2155 897 2249 pulvere
918 2147 1126 2248 quondam?

86 2251 177 2330 Post
192 2257 342 2329 meritos
357 2264 536 2328 renovata
549 2253 643 2328 ferat
657 2253 743 2328 Deo
758 2253 872 2328 laudis
892 2253 1077 2348 bonorem

87 2351 395 2452 Nonignarasui,
423 2353 576 2450 fragilis,
601 2353 785 2446 mortalis,
812 2353 963 2449 &regnu

89 2453 244 2528 Certatis
261 2453 378 2549 magni
394 2453 499 2550 possit
514 2451 597 2546 quid
614 2453 739 2542 vivide
758 2451 891 2545 virtus,

129 2555 166 2628 ui
185 2555 305 2628 bonus
325 2565 431 2645 atque
448 2565 581 2648 potens
596 2551 709 2626 vitem
729 2573 806 2628 non
824 2549 964 2625 invidet
977 2553 1054 2632 ulii.

89 2555 1003 2847 inserentemrecessu

90 2757 199 2932 fflnc
212 2853 350 2926 virtute
365 2851 424 2926 sua
438 2851 595 2926 miranda
610 2849 752 2926 suscitet
764 2849 857 2948 Ipse,

90 2953 364 3030 Hancrevocat
376 2951 448 3024 dux
463 2949 589 3042 fortis,
616 2951 758 3026 &hanc
775 2947 835 3025 sua
850 2949 966 3049 gloria
985 2949 1104 3026 vestit.

91 3049 193 3152 Ergo
207 3051 279 3126 Dei
294 3052 432 3146 aptavit
452 3071 506 3124 ars
525 3047 741 3145 &sapientia
755 3071 903 3145 corpus,

132 3151 209 3225 uod
224 3151 343 3244 eupit,
368 3149 423 3223 his
440 3147 537 3252 fieti:
565 3149 681 3242 deest,
709 3149 783 3224 boc
802 3149 941 3224 virtute
956 3145 1106 3224 reducit

78 3275 81 3286 ·
147 3247 207 3324 usa
222 3249 342 3345 potest
358 3250 482 3344 pietati
497 3251 595 3323 nulla
608 3247 765 3324 refistere
782 3245 922 3324 sanbiae:

92 3349 134 3430 N
137 3373 157 3424 e
175 3351 291 3442 meJ'or
306 3349 349 3422 srt
365 3347 466 3422 catria
481 3351 581 3442 maii,
608 3371 713 3443 quem
732 3347 863 3424 summa
876 3345 1050 3444 potestas,

93 3449 151 3524 Ut
168 3447 363 3546 cognoscat
379 3450 518 3544 humo,
544 3449 621 3544 Jam
635 3455 732 3522 n'unc
744 3447 816 3524 Dei
832 3467 980 3523 munere
994 3445 1126 3546 salvus,

95 3549 267 3624 Mortalis
287 3547 488 3642 quondam,
514 3569 612 3622 nunc
628 3549 840 3622 inviolabile
858 3547 1034 3646 &ingens

96 3647 259 3724 Vestitus
276 3649 419 3740 lumen,
444 3649 552 3740 mutis
570 3667 650 3722 cum
667 3668 825 3746 corpore
843 3661 960 3743 totus,

97 3745 309 3826 Immensum
324 3749 462 3822 uirtute
474 3747 613 3841 Deum,
638 3749 775 3844 pictate
790 3769 999 3844 perennem,

13 3867 14 3882 ¹
99 3845 168 3924 Per
184 3845 361 3924 Christum
374 3847 530 3948 Regem,
555 3869 621 3946 per
645 3867 750 3941 quem
768 3849 828 3924 uia
849 3849 939 3924 lucis
955 3861 1078 3944 aperta
1093 3843 1160 3928 est:

143 4233 153 4252 s

602 3947 722 4042 Uu5
1063 3941 1114 4022 Et
