2596 4346
148 161 223 256 μό
260 155 345 253 ⁸Q.
371 151 505 230 sm.
531 139 675 234 Ftot'.
698 151 1060 254 Ttnrvttrnur

151 315 329 400 Candentt'
343 312 485 410 perfusa
502 313 582 408 die,
607 314 851 408 liquidumque
869 311 1031 392 serenum

150 412 328 490 Affullilse
345 414 432 508 fibi,
459 412 641 506 solemque
660 415 694 488 δι
712 413 824 488 fidere
842 413 932 490 coeli.

150 514 322 609 Protinus
343 514 396 586 ira
414 511 486 587 Dei
503 515 680 588 turbatam
697 515 840 589 territat
853 511 983 607 Evam,

150 613 350 690 Auflorem
369 613 474 686 vetiti
488 612 571 688 dum
589 615 716 706 querit
734 615 905 689 maximus
918 611 1003 695 atti.

87 725 92 740 ’
150 713 218 792 Illa
237 710 298 786 sub
319 713 396 786 haec
412 711 551 806 pandit:
576 713 759 810 Serpentis
778 712 1064 807 suasaloquentis
1133 765 1140 774 .

151 813 310 907 Accepi,
335 811 482 886 fallente
501 813 612 908 dolo,
637 813 846 906 blandoque
860 827 1013 910 rogatu:

150 911 248 990 Nam
269 911 328 984 sua
343 913 499 1006 vipereis
518 913 685 988 intexens
703 915 816 986 verba
835 913 1001 1006 venenis,
1094 955 1096 960 ,

150 1012 241 1088 Haec
259 1011 344 1086 mihi
362 1032 436 1110 pre
453 1011 586 1086 cunflis
600 1015 760 1086 narravit
778 1013 894 1086 dulcia
911 1013 1040 1106 pomis.

151 1113 270 1187 Illicet
291 1111 524 1204 omnipotens
545 1111 762 1185 condemnat
783 1111 879 1208 gesta
896 1108 1078 1206 dra'conis,

56 1202 59 1212 ’
150 1211 363 1306 Precipiens
383 1211 515 1283 tunrlls
534 1211 684 1284 invisum
706 1209 820 1290 visere
840 1209 1055 1286 monstrum:
1191 1289 1199 1296 ,
1236 1222 1242 1239 ·

17 1379 23 1389 .
57 1325 61 1335 ’
149 1309 303 1393 restore
322 1331 409 1386 mor
429 1308 508 1384 fuso
528 1329 747 1404 prorepere,
773 1327 849 1384 tum
864 1309 936 1384 sole
955 1307 1076 1386 morsu
1181 1309 1182 1314 ’

82 1433 86 1440 ·
153 1411 352 1488 Mandere:
378 1409 541 1483 mansuro
559 1431 781 1508 ¹quecunque
798 1413 1014 1504 intempore
1029 1411 1147 1504 bello,

77 1559 84 1565 -
150 1509 340 1588 Humanos
360 1511 454 1586 inter
473 1508 613 1616 sensus,
640 1508 821 1604 ipsumque
839 1511 1030 1603 labantem,

152 1611 304 1684 Vertite
321 1624 361 1682 ut
376 1608 514 1702 abjefto
531 1629 667 1702 pronus
684 1607 765 1702 post
778 1625 882 1684 crura
901 1610 1065 1684 virorum

151 1707 346 1804 Serperet,
372 1724 414 1780 ut
433 1712 547 1782 calcet
564 1709 647 1782 dum
667 1711 787 1784 labens
806 1703 1004 1784 comminus
1023 1707 1146 1788 mstat.
1182 1723 1187 1734 '

150 1805 311 1886 Foemina
329 1808 536 1906 fraudigeris
552 1808 677 1885 misere
695 1809 846 1902 decepta
866 1809 1034 1904 loquelis,

150 1907 360 2000 Praecipitur
378 1909 470 1983 duro
493 1907 844 2004 discrimineponere
861 1921 1016 2004 parturn,

144 2007 418 2099 §eremumque
440 2005 489 2080 sui
504 2007 620 2080 studio
638 2007 798 2100 perferre
816 2007 944 2083 mariti.

125 2121 127 2126 ’
151 2105 213 2184 Tu
227 2127 319 2179 vero
338 2108 396 2178 cui
412 2105 485 2178 visa
500 2105 570 2180 fuit
586 2106 759 2198 sententie
775 2127 889 2183 verax

6 2253 12 2268 t
153 2203 347 2302 Conjugir,
373 2205 499 2280 immiti
519 2203 615 2282 tellit
629 2227 705 2300 quae
723 2207 818 2282 vitia
832 2205 995 2300 draconi,

13 2311 19 2319 '
59 2391 64 2397 ,
150 2303 314 2380 Deflebis
331 2303 495 2380 miserum
508 2325 573 2400 per
592 2317 757 2402 tempora
776 2309 885 2406 longa
903 2308 1075 2384 laborem.

151 2403 192 2479 N
194 2427 249 2479 am
266 2405 333 2480 tibi
352 2405 503 2480 triticeae
518 2401 637 2502 surget
653 2403 721 2500 pro
741 2409 898 2504 germine
915 2407 1027 2482 mellis

89 2583 95 2588 ,
152 2501 336 2598 Carduus,
363 2503 521 2598 &spinis
539 2507 690 2580 multum
711 2508 867 2600 paliurus
884 2506 1016 2580 acutis:

152 2602 207 2676 Ut
222 2617 303 2680 curn
321 2602 514 2678 visceribus
530 2605 616 2680 larus
635 2603 669 2678 &
687 2603 835 2698 pestote
853 2605 993 2702 moesto,

150 2701 305 2776 Plurima
318 2701 492 2776 sollicitos
510 2699 676 2797 prestent
690 2701 831 2800 suspitia
849 2705 982 2780 viuus:

149 2797 286 2876 Donec
304 2802 343 2876 in
364 2801 520 2876 occiduo
537 2804 716 2878 venientis
735 2819 901 2900 tempore
925 2807 1067 2901 mortis,

148 2899 261 2975 Unde
277 2897 370 2998 geris
392 2921 546 3002 corpus,
573 2917 677 2992 terrae
697 2903 846 2978 reddare
859 2905 1004 2998 jacenti.

148 2999 217 3076 His
236 2999 341 3093 attis,
367 2999 546 3076 Dominus
569 3003 715 3097 trepidis
736 3005 797 3077 dat
817 3004 920 3078 taedia
942 3004 1041 3099 vitae,

20 3119 23 3128 ·
147 3097 396 3192 Dejeuosque
412 3102 543 3196 procul
563 3099 705 3175 sacratis
724 3103 888 3178 dimovet
902 3106 1033 3196 hortis,

138 3195 410 3292 obversosque
428 3201 547 3293 locst,
575 3201 768 3294 medioque
787 3205 944 3278 eliminat
959 3205 1047 3300 igni,

147 3295 191 3371 In
208 3319 281 3390 quo
297 3299 472 3392 perceleri
488 3297 676 3376 Cherubin
696 3303 885 3376 evolvitur
905 3301 1002 3397 aestu,

13 3423 24 3442 s
147 3392 247 3470 Dum
263 3399 395 3472 calidus
412 3397 579 3474 defervet
594 3422 712 3494 apex,
739 3401 967 3495 flammasque
983 3404 1142 3482 volutat.
1215 3440 1219 3448 ·

146 3495 264 3666 gueis
280 3497 486 3591 Dominus,
512 3498 616 3596 pigro
633 3521 679 3574 ne
700 3499 835 3596 frigore
851 3503 1011 3578 membra
1024 3505 1202 3602 rigerent,
1282 3485 1287 3498 ⁸

57 3595 65 3617 ⁸
180 3593 299 3668 onsuit
315 3595 454 3696 evulsas
469 3597 648 3690 pecudum
666 3597 710 3674 de
726 3597 863 3676 viscere
879 3604 1005 3698 pelles,
1034 3638 1035 3641 κ
1063 3669 1066 3676 .

148 3689 327 3787 Operiens
346 3697 464 3778 nudos
482 3697 603 3768 calidis
622 3703 667 3772 de
681 3699 838 3775 vestibus
858 3715 966 3777 attus.
986 3707 988 3713 “

198 3815 232 3879 4
249 3791 365 3890 Ergo
382 3791 444 3866 ubi
462 3797 633 3891 conjugio
650 3793 721 3874 sese
734 3801 805 3892 jam
827 3797 917 3872 fidus
936 3798 1095 3888 Adrmus
1248 3846 1251 3856 ·

150 3884 232 3966 Fdl'e
251 3891 370 3968 virum
388 3889 510 4004 sensit,
539 3915 674 3972 nomen
690 3901 872 3996 genitricis
889 3913 1012 3975 amate
1087 3945 1090 3952 ,
1284 3939 1285 3942 κ

1074 4001 1169 4078 'Ex-
