2536 4336
167 194 241 284 μοι
332 184 381 284 Q.
406 179 535 260 Sara.
557 173 693 258 Fron.
717 168 1052 258 Tarruonrnnr
1115 141 1118 155 .

165 365 271 438 quam
290 341 526 438 delinquitur,
562 341 804 434 convenitur,
835 335 955 418 utilia
977 365 997 414 a
1016 361 1088 434 qua
1107 341 1219 418 delin-

120 445 125 452 “
164 444 307 538 quitur,
335 455 529 538 oneretur,
556 446 661 518 etiam
683 447 719 515 in
745 441 923 518 ministerii
943 439 1216 518 accusationem.

163 541 326 618 Gravior
343 543 478 616 invidia
497 541 548 617 est
562 545 600 616 in
616 541 819 638 presidem,
852 561 936 619 cum
951 539 1068 614 officia
1081 540 1216 636 pulsan·

163 654 245 716 tur:
274 645 353 738 plus
376 643 521 715 caeditur
541 643 600 735 qui
621 644 750 736 jubet,
781 642 926 734 quando
950 658 1020 716 nec
1038 642 1099 736 qui
1118 637 1216 717 obst·

165 742 307 838 quitur,
333 740 529 820 excusauit.

237 854 297 931 41.
331 839 468 914 Malum
496 835 604 936 igitur
625 839 775 930 anime,
806 853 937 932 praeter
961 837 1061 936 quod
1085 859 1133 916 ex
1153 839 1215 914 od·

162 951 281 1014 ventu
301 937 439 1033 spiritus
464 959 614 1032 nequam
637 935 904 1033 superstruitur,
930 959 975 1012 ex
999 940 1150 1035 originis
1163 942 1215 1012 ui·

161 1038 218 1116 tio
233 1038 431 1132 antecedit,
448 1035 608 1112 neutrale
625 1038 903 1132 quodammodo.
943 1035 1059 1130 Nam,
1077 1051 1121 1111 ut
1131 1039 1217 1112 dirri-

162 1159 263 1234 mur,
288 1151 422 1214 naturae
439 1141 625 1232 corruptio
644 1139 710 1211 aiia
729 1135 941 1228 maturarit,
966 1137 1101 1212 habens
1118 1135 1215 1214 suum

161 1235 282 1316 Deum
306 1237 340 1310 dr
361 1251 517 1332 patrem,
542 1235 654 1336 ipsum
674 1235 807 1312 scilicet
831 1238 1075 1333 corruptionis
1095 1237 1216 1312 anuo,

160 1357 257 1412 rem:
289 1351 333 1410 ut
356 1349 473 1412 tamen
490 1338 569 1412 insit
588 1339 622 1410 dr
643 1341 778 1412 bonum
800 1337 947 1430 animae,
981 1335 1069 1410 iilud
1084 1338 1217 1430 princi·

160 1437 263 1534 pale,
288 1437 377 1512 iilud
394 1437 553 1512 divinum
571 1450 677 1530 atque
692 1457 915 1534 germanum,
943 1433 1142 1529 &proprie
1155 1455 1216 1511 na·

158 1539 286 1612 rurale.
338 1535 450 1633 Quod
476 1538 579 1614 enim.
595 1557 615 1610 a
631 1535 717 1610 Deo
740 1535 809 1630 est,
835 1555 912 1610 non
933 1545 1008 1608 tem
1028 1533 1219 1633 exstingui·
1260 1603 1262 1616 .

81 1657 85 1668 ·
160 1647 240 1730 tur,
259 1655 363 1729 quam
376 1637 620 1712 obumbratur.
663 1633 787 1710 Potest
803 1636 896 1710 enirn
912 1634 1118 1709 obumbrari
1133 1637 1216 1729 quia
1256 1681 1262 1752 j

158 1757 237 1812 non
255 1734 305 1810 est
318 1735 442 1825 Deus3
468 1734 638 1834 exstingui
653 1755 730 1810 non
742 1734 882 1828 potest,
900 1735 990 1828 quia
1010 1755 1030 1807 a
1047 1733 1132 1810 Deo
1153 1735 1214 1810 est.
1260 1755 1262 1774 ²

33 1839 35 1844 ’
158 1833 285 1929 ltaque
305 1835 394 1910 sicut
414 1837 533 1910 lumen
552 1837 670 1928 aliquo
689 1833 875 1910 obstaculo
897 1833 1127 1928 impeditum,
1144 1855 1217 1910 rna·

129 1929 245 2028 ἠοῖ,
279 1931 338 2008 sad
359 1954 437 2007 non
457 1947 663 2029 comparet,
696 1936 842 2009 sitanta
867 1933 1016 2008 densrtas
1039 1931 1215 2008 obstaculi

14 2071 18 2085 ·
158 2033 286 2112 fuerit:
318 2033 369 2106 ita
386 2033 419 2106 dt
434 2035 571 2108 bonum
590 2035 628 2108 in
647 2035 760 2108 anima
777 2034 906 2109 arado
923 2029 1126 2128 oppress’um
1144 2053 1213 2126 pro
1260 2049 1262 2108 i

21 2179 26 2193 .
160 2135 330 2228 qualitate
355 2131 457 2226 ejus,
488 2145 551 2208 aut
576 2134 613 2208 in
638 2143 758 2208 totum
778 2149 889 2206 vacat
911 2132 1094 2206 occurata
1117 2135 1213 2226 luce,

158 2247 224 2308 rut
239 2251 308 2326 qua
325 2229 427 2306 datur
446 2231 581 2326 radiat,
610 2233 760 2306 inuenta
776 2233 952 2308 libertate.
1004 2230 1063 2304 Sic
1082 2231 1215 2326 pedirni

160 2331 339 2434 &optimi
355 2329 515 2426 quidam,
535 2332 811 2406 &nihilominus
823 2346 934 2407 unum
949 2351 1074 2406 omnes
1090 2335 1213 2404 anima

159 2453 293 2533 genus:
323 2432 370 2508 stc
385 2428 422 2504 dr
439 2433 475 2505 in
490 2429 637 2526 pcffimis
659 2432 789 2526 aliquid
809 2433 921 2523 boni,
947 2430 981 2506 dt
1002 2431 1041 2504 in
1064 2431 1211 2524 optimis

158 2531 324 2609 nonnihil
340 2529 481 2624 pessimi.
531 2527 637 2605 Solus
653 2535 746 2606 enim
763 2531 866 2606 Deus
888 2531 959 2606 une
977 2545 1154 2626 peccatu,
1179 2531 1214 2605 dt

159 2630 253 2707 solus
270 2633 384 2708 homo
399 2629 470 2706 fine
483 2647 636 2726 peccato
652 2627 827 2724 Christus,
851 2631 932 2723 quia
945 2627 981 2703 u
995 2631 1098 2704 Deus
1111 2629 1215 2704 Chri-

158 2729 243 2808 stus.
293 2729 352 2803 Sic
374 2730 408 2804 dt
428 2729 594 2804 divinitas
617 2731 740 2805 animae
761 2733 798 2804 in
815 2727 979 2826 presagia
998 2733 1214 2824 erumpitur

158 2832 261 2906 bono
275 2831 419 2925 priore,
443 2831 480 2904 u
498 2830 715 2905 conscientia
732 2829 802 2904 Dei
815 2832 852 2903 in
868 2829 1109 2902 testimoninm
1129 2849 1214 2923 pro·

158 2931 222 3007 dit.
253 2927 809 3024 DerrsbonuseffiDeusvidet
826 2928 958 3002 &Deo
976 2931 1213 3003 commendot

158 3044 353 3127 propterea
374 3030 472 3104 nulla
493 3032 607 3107 anima
630 3027 702 3106 stne
727 3029 893 3119 crimine,
926 3027 1007 3121 quia
1025 3030 1124 3101 nulia
1142 3029 1215 3102 ime

158 3131 247 3206 boni
263 3129 402 3206 senune.
452 3129 608 3204 Proinde
628 3147 707 3202 cum
728 3128 774 3202 ad
791 3125 897 3203 fidem
915 3130 1085 3222 pervenit
1097 3127 1215 3202 refor-

157 3245 252 3306 mata
275 3249 339 3328 per
363 3227 552 3306 secundam
575 3227 800 3304 nativitatem
821 3249 866 3301 ex
891 3247 980 3319 aqua
1007 3226 1041 3300 dr
1064 3227 1215 3322 superna

158 3331 325 3422 virtute,
359 3327 518 3404 detrudo
540 3329 784 3425 corruptionis
809 3325 960 3421 pristina
983 3329 1124 3416 ardae03
1158 3343 1217 3400 to·

156 3435 230 3502 tam
249 3437 363 3504 iucem
385 3427 479 3506 suam
498 3425 680 3521 conspicit.
731 3425 918 3522 Excipitur
933 3426 1039 3502 etiam
1054 3449 1075 3500 a
1090 3425 1217 3521 spiritu

158 3523 301 3621 santio,
327 3530 416 3609 sicut
433 3531 468 3601 in
487 3527 629 3625 pristina
649 3527 877 3601 nativitatera
898 3525 1021 3620 spiritu
1041 3530 1215 3620 profano.

18 3700 21 3709 ,
158 3625 326 3718 Sequitur
347 3632 497 3704 animam
517 3630 710 3701 nrrbentem
728 3624 863 3720 spiritui
883 3645 995 3720 caro,
1028 3643 1071 3700 ut
1090 3628 1218 3702 dotale

157 3727 388 3822 mancipium,
423 3727 455 3802 u
469 3729 541 3822 jam
559 3747 635 3801 non
653 3727 775 3802 animae
794 3725 945 3818 farnaria,
979 3727 1038 3800 sed
1058 3725 1216 3822 spiritus.

159 3827 194 3900 Ο
211 3830 352 3900 beatum
373 3830 617 3923 connubium,
642 3825 667 3904 fi
684 3847 762 3906 non
778 3823 952 3905 admiserit
965 3826 1191 3903 adiutorium.

202 3969 208 3980 ·
616 3959 623 3968 ·
1017 3949 1076 4020 42·
1102 3926 1164 4002 De
