2572 4336
19 195 20 208 '
107 281 112 292 ,
190 202 243 295 [4
277 165 279 174 ¹
308 199 379 304 ‚Q.
402 195 541 276 tuoe.
566 193 1102 278 sereumummm.

189 362 325 450 sembra
339 359 421 454 post
437 361 508 434 uiri
526 357 701 434 excessum
721 357 792 432 Dei
813 355 950 452 mulsa,
983 378 1063 434 curn
1084 355 1248 438 omme

191 461 331 538 batanae
345 459 409 534 suo
428 460 463 532 bt
480 457 738 556 virginitatis&
753 458 937 532 viduitatis
956 457 1157 532 sacerdotio
1174 477 1248 551 per·

192 559 338 638 serenti
371 557 495 633 Rome
520 559 683 652 quidem,
717 579 794 649 quae
817 561 905 654 ignis
926 560 1018 632 illius
1036 557 1248 654 inextingui-

189 662 273 736 bilis
286 659 472 755 imaginem
484 656 656 746 tradant,
683 657 833 752 auspicia
849 669 975 750 poenae
992 658 1059 732 suae
1076 679 1155 732 cum
1172 655 1247 750 ipso

192 761 353 836 dracone
373 772 568 850 curantes,
604 757 649 830 de
668 757 873 853 virginitate
893 755 1090 833 censentun
1115 793 1119 812 =
1141 755 1248 830 Acen
1266 829 1267 834 ,

192 859 330 1034 ssunorri
342 858 437 952 apud
451 854 605 953 Aegium
622 857 794 951 oppidum
809 859 914 953 virgo
929 856 1094 930 sortitur:
1121 857 1156 930 br
1174 879 1248 950 que
1266 869 1267 874 '

148 965 151 970 ’
234 959 344 1051 elphis
371 955 567 1048 insaniunt,
599 957 734 1028 nubere
763 955 940 1032 nesciunn
998 955 1177 1030 Ceterum
1199 955 1249 1030 vi·

186 1059 280 1134 duas
293 1055 472 1130 Asricenae
487 1053 617 1128 Cereri
632 1053 792 1129 adsistere
810 1053 959 1148 scimus,
988 1055 1159 1131 durissima
1179 1057 1248 1150 qui·

191 1159 275 1233 dem
293 1157 484 1232 oblivione
507 1177 528 1226 a
544 1155 772 1228 matrimonio
792 1154 954 1230 allectas:
996 1154 1035 1228 N
1037 1177 1092 1230 am
1107 1175 1250 1231 manen·

192 1259 288 1332 tibus
315 1257 352 1328 in
376 1269 547 1330 aeterntnn
573 1253 661 1326 viris
681 1275 757 1326 non
783 1255 895 1329 modo
921 1255 1034 1332 thoro
1056 1256 1247 1350 decedunt,

188 1355 253 1432 sed
273 1349 409 1428 &alias
431 1353 482 1426 eis
502 1354 625 1443 utique
647 1354 844 1426 ridentibus
867 1356 955 1432 loco
978 1353 1041 1426 suo
1058 1356 1247 1449 insinuant,

193 1456 362 1548 adempto
385 1451 483 1526 omni
505 1451 673 1526 contario
695 1473 807 1544 risque
831 1454 875 1526 ad
897 1452 1057 1528 osculum
1078 1452 1248 1548 filiorum,
1266 1463 1267 1484 ¹

192 1553 360 1628 &tamen
377 1551 526 1628 durante
545 1549 608 1624 usu
621 1549 851 1650 perseverant
864 1553 902 1626 in
916 1555 978 1626 teli
997 1554 1186 1628 viduitatis
1207 1557 1249 1630 di·

188 1653 359 1748 scipine,
384 1673 460 1744 quae
483 1651 626 1746 pietatis
648 1653 754 1728 etiam
778 1649 899 1726 tenue
920 1650 1057 1726 solletia
1079 1655 1249 1730 excludit.

100 1791 103 1798 ⁴
192 1753 454 1832 Hecataeone
471 1750 633 1844 precipit
648 1749 682 1823 &
699 1752 861 1824 auditur:
886 1767 1070 1844 provocat
1086 1755 1250 1830 nimirum

187 1851 265 1932 Dei
282 1851 406 1926 servem
422 1850 645 1922 continentia
661 1847 827 1943 suorum,
854 1851 945 1943 quali
964 1873 1010 1926 ex
1032 1873 1114 1925 aevo
1138 1855 1250 1928 conti·

188 1949 280 2029 nent
298 1949 403 2024 etiarn
426 1949 597 2044 gehenne
619 1947 832 2024 sacerdotes.
885 1949 980 2026 Nam
999 1951 1145 2047 invenit
1168 1975 1253 2048 quio·

137 2112 140 2121 .
190 2050 305 2128 modo
322 2047 485 2124 homines
503 2049 609 2120 etiam
622 2049 729 2122 bonis
743 2046 992 2126 sedationibus
1005 2051 1198 2146 perderet:
1225 2054 1253 2126 b

77 2151 80 2158 ’
114 2191 118 2202 ·
186 2151 280 2226 nihil
298 2149 485 2242 epudeum
500 2145 638 2241 refert,
665 2147 929 2244 aliosluxuria,
956 2151 1045 2227 alios
1061 2152 1252 2230 continen-

192 2251 243 2324 tia
256 2247 436 2322 occidere.
771 2305 778 2316 .
1149 2319 1152 2326 ⁴

187 2391 190 2400 ,
267 2367 300 2442 7.
326 2347 446 2421 Nobis
460 2345 686 2422 continentia
700 2347 742 2422 ad
755 2346 1023 2424 instrumentum
1040 2353 1251 2430 aeternitatis

190 2447 431 2524 demonstrata
449 2443 500 2520 est
520 2467 540 2519 a
558 2445 707 2520 domino
723 2446 862 2542 salucia,
889 2449 934 2524 ad
954 2449 1253 2528 testimoniumu

120 2577 123 2586 ¹
189 2549 270 2640 dei,
296 2547 343 2620 ad
360 2543 711 2624 commendationem
728 2551 842 2624 carnis
859 2547 954 2622 iliius
973 2551 1192 2626 exhibendae·
1209 2549 1253 2626 su·

191 2662 417 2742 perventuro
427 2645 638 2720 indumento
649 2649 1011 2742 incorruptibilitatis,
1027 2651 1070 2724 ad
1084 2649 1254 2726 suslinen

190 2745 272 2821 dam
286 2745 471 2820 novissime
491 2747 719 2822 voluntatem
736 2747 818 2823 Dei.
870 2749 982 2840 Super
997 2749 1194 2826 hermonim
1207 2774 1267 2834 re»1

189 2847 330 2944 cogites
343 2865 500 2936 moneo,
519 2848 696 2922 neminem
713 2869 757 2922 ex
772 2849 844 2922 Dei
856 2849 1049 2922 voluntate
1066 2849 1111 2922 de
1129 2851 1255 2926 secute

182 2946 296 3039 duci,
313 2945 339 3020 sr
359 2965 406 3018 ne
418 2945 552 3020 solium
572 2947 714 3036 quidem
729 2969 774 3020 ex
795 2951 923 3022 arbore
941 2948 1013 3020 sine
1027 2947 1100 3020 Dei
1124 2955 1254 3025 volun

187 3060 265 3122 erte
284 3045 461 3121 dilabitur.
512 3043 611 3120 ldcm
630 3047 690 3136 qui
710 3050 778 3120 nos
800 3048 935 3120 mundo
951 3047 1082 3139 insert,
1109 3049 1256 3129 idem&

187 3147 321 3221 educat
334 3141 472 3218 necesse
485 3141 545 3218 est.
595 3143 709 3240 Igitur
725 3145 893 3219 desunilo
913 3167 979 3240 per
997 3147 1068 3220 Dei
1082 3153 1257 3224 uolunta

183 3259 265 3322 tem
289 3249 396 3320 etiam
418 3245 683 3318 matrimonium
702 3245 775 3318 Dei
807 3249 1006 3334 voluntate
1023 3247 1257 3346 defungiturt

188 3345 275 3438 quid
289 3343 536 3434 curestano,
562 3345 620 3416 cui
635 3339 742 3418 linem
757 3344 855 3418 Deus
878 3342 1020 3438 polerit?
1048 3349 1259 3437 quidlibet·

188 3457 301 3518 tatem
324 3443 481 3518 oblatam
501 3444 567 3516 tibi
580 3443 713 3516 iterata
735 3445 951 3518 matrimonii
969 3444 1149 3522 servitute
1167 3449 1260 3524 fatti

188 3543 272 3618 dist
309 3540 497 3642 Obligatus
517 3563 554 3614 er
570 3543 708 3639 inquit,
731 3546 986 3637 matrimonia,
1011 3565 1058 3618 ne
1078 3551 1261 3636 quenula

42 3635 45 3712 l
128 3707 131 3714 ,
189 3640 418 3720 solutionem
477 3641 630 3718 Nam&
655 3644 679 3718 si
709 3665 786 3718 non
813 3645 995 3738 delinquas
1022 3649 1261 3740 renubendo,

186 3749 298 3818 caron
318 3755 438 3818 tamen
448 3747 619 3840 pressuram
638 3741 796 3836 subsequi
809 3745 909 3840 dicit.
963 3747 1086 3842 Quare
1103 3745 1261 3822 facture·

40 3807 50 3894 ⁸
187 3841 1261 3967 tencantinenue,quanompollumue‚pondilrgamusl

844 3985 851 3992 ’
1095 3965 1215 4044 quam
