2638 4342
807 157 820 204 i

507 261 876 356 'Caesarue'
1060 219 1062 224 Ι
1141 267 1211 365 687

150 421 293 522 Sponte
310 412 411 502 suum
425 444 582 522 corpus,
601 425 707 520 ,quod
722 425 897 521 liquerat,
918 421 997 522 ‘ipse
1015 424 1167 524 recepit.

152 517 277 600 Caussa
293 527 370 602 haec
387 527 515 602 mortis
530 541 627 620 erat,
654 527 776 602 eadem
794 528 856 600 via
867 525 957 602 facta
974 527 1107 622 salutis,

107 623 111 706 i
151 623 320 703 Nuncius
335 625 396 702 ille
412 627 508 720 doli,
534 625 593 702 sed
608 628 705 722 pacis
722 627 872 704 nuncius
888 625 972 714 iste;

151 722 291 822 Sponsa
306 725 424 800 virum
439 729 582 822 necuit,
609 728 734 824 genuit
750 727 808 802 sed
824 724 947 821 sponsa
960 729 1114 804 leonem.

150 823 271 922 Virgo
287 827 370 900 viro
388 829 542 920 nocuit,
568 823 627 900 sed
645 827 703 899 vir
719 826 764 900 de
778 827 918 924 virgine
931 826 1040 902 vicit:
1061 832 1074 858 “

152 921 263 1018 Cujus
280 925 317 999 in
333 926 536 1020 exemplum
549 923 670 1020 sopito
687 946 845 1023 corpore
859 925 1002 1017 somno,

145 1024 311 1100 sumitur
329 1023 375 1100 err
393 1027 506 1100 latere
523 1027 671 1120 mulier,
699 1047 776 1120 quae
792 1025 890 1100 costa
906 1025 1042 1117 mariti3

148 1127 272 1300 ἓυτιω
292 1145 433 1200 carnem
451 1129 496 1198 de
514 1123 719 1220 ensesue,
746 1125 863 1219 deque
881 1124 1009 1200 oiiibus
1031 1123 1106 1204 oss'a

182 1225 334 1322 vigilans
355 1225 463 1320 dicit,
490 1223 641 1323 presaga
661 1240 782 1300 mente
801 1228 959 1302 locutus.

148 1323 247 1402 Mus
264 1319 374 1420 fides,
399 1323 532 1400 merito
548 1323 676 1400 Paulus
699 1325 902 1400 certissimus
924 1323 1051 1400 ausint

148 1421 330 1500 Christum
348 1425 392 1498 de
406 1427 503 1498 coeiis
520 1425 636 1498 Adana
653 1425 763 1498 docet
781 1423 850 1500 eise
866 1425 1078 1520 secundum

149 1521 297 1600 Veritas
316 1519 389 1619 ipsa
408 1523 477 1598 suis
496 1526 666 1618 exemplis
684 1525 743 1598 usa
759 1525 936 1622 refulget;
1190 1534 1195 1540 '

149 1622 235 1704 Nee
250 1625 351 1718 cupit
364 1643 409 1698 ex
424 1623 543 1698 alieno
560 1619 660 1700 acres
675 1623 863 1699 ostendere
879 1621 1030 1722 gressus:

148 1723 320 1818 Pauperis
337 1723 411 1798 hoc
429 1743 522 1818 opus
536 1723 607 1818 est,
632 1727 787 1818 propriae
802 1725 946 1798 virtutis
970 1725 1084 1822 egeni.

149 1823 239 1902 Haec
253 1823 381 1898 Paulus
399 1825 526 1900 docuit
538 1841 685 1922 magnus
702 1824 866 1918 mysteria
883 1823 1001 1918 dosia,

148 1921 297 2000 Scilicet
312 1926 348 1998 in
365 1921 508 1998 Christo
524 1919 593 1998 eise
608 1925 738 2018 decus,
766 1938 868 1998 tuum
887 1921 1046 2002 Ecciefia
1062 1944 1211 2004 cerneus

147 2021 268 2118 Hujus
285 2023 330 2100 de
351 2026 481 2116 latere',
506 2023 605 2121 ligno
622 2025 811 2117 pendentis
823 2027 864 2098 in
880 2025 956 2098 alto

147 2120 327 2218 Corporis
343 2123 495 2198 exanimi
512 2121 648 2222 sanguis
667 2125 827 2200 manavit
845 2125 880 2196 tr
896 2124 1038 2201 lrunror.
1166 2168 1169 2182 .

146 2217 308 2300 Foernina
321 2222 457 2321 sanguis
473 2235 573 2317 erat,
600 2243 698 2316 aque
718 2237 822 2298 erant
838 2245 939 2298 nova
952 2225 1049 2298 dona
1062 2223 1211 2324 lavacri,

146 2323 240 2402 Haec
254 2325 383 2418 populi
398 2343 487 2398 vera
504 2321 556 2397 est
573 2321 736 2398 viventis
753 2321 910 2397 Ecclefia
926 2337 1051 2399 mater.

146 2421 212 2500 De
231 2419 358 2498 Christi
373 2445 474 2500 nova
489 2441 596 2496 carne
612 2441 720 2516 cue,
748 2423 864 2515 deque
880 2422 1008 2497 offibus
1027 2421 1151 2502 ossum.

145 2521 455 2622 Golgothalocus
470 2521 540 2616 est,
569 2524 693 2616 capitis
708 2521 872 2599 Casuaria
887 2523 1083 2619 quondam,

146 2621 290 2722 Lingua
304 2641 452 2718 paterna
469 2623 570 2720 prior
588 2621 637 2696 sic
650 2618 747 2698 illurn
766 2625 914 2697 nomine
932 2622 1036 2718 dixit,

146 2721 222 2802 Hic
241 2725 397 2801 medium
415 2741 519 2798 terrae
534 2719 611 2817 est,
637 2723 696 2798 hic
711 2719 762 2797 est
777 2721 929 2796 victoria
946 2722 1092 2820 sgnum.

107 2851 108 2888 ³
147 2821 204 2899 Os
218 2842 386 2922 magnum
400 2825 460 2898 bic
472 2825 610 2898 veteris
624 2823 737 2898 nostri
755 2823 913 2898 docuere
930 2841 1129 2922 repertum,

107 2965 108 2968 ¹
147 2919 223 3001 Hie
242 2924 426 3000 hominem
443 2923 595 3020 primurn
610 2919 820 3017 suscepimus
836 2921 905 2996 esse
923 2920 1111 3018 sepultum,

145 3021 222 3100 Hic
236 3025 372 3118 patitur
386 3021 565 3118 Christus,
592 3025 655 3118 pio
675 3023 840 3120 sanguine
855 3037 952 3095 terra
966 3021 1149 3119 madescit,

143 3121 273 3200 Pulvis
288 3121 378 3198 Adae
392 3123 554 3217 utpoffit
568 3124 704 3198 veteris
723 3119 983 3220 consanguine
998 3121 1127 3210 Christi
1149 3197 1152 3213 ,

144 3221 400 3316 commixtus,
421 3221 582 3298 stillantis
603 3243 701 3316 aquae
719 3226 857 3295 virtute
872 3217 1006 3296 le‘vare.

144 3319 238 3404 flaec
252 3324 337 3398 ovis
354 3321 405 3398 est
423 3341 515 3418 una,
542 3343 647 3416 quarn
662 3321 777 3418 seper
796 3321 964 3396 sabbatha
982 3321 1108 3397 vivant
1161 3333 1167 3344 '

141 3421 286 3500 Inferni
303 3445 324 3498 e
339 3439 453 3520 puteo
469 3422 591 3498 stauait
605 3419 801 3498 subducere
813 3417 945 3518 pastor.

145 3521 349 3619 Propterea
365 3519 500 3598 cunssae
520 3525 634 3598 caruis
649 3535 867 3616 premortua
881 3521 1042 3597 membra

146 3622 311 3700 Curabat
331 3621 529 3716 sabbathis,
554 3637 616 3696 aut
631 3626 718 3696 coeci
740 3645 761 3696 a
777 3623 935 3722 genuine
955 3624 1028 3696 nati

143 3721 322 3818 Iumina,
348 3738 426 3816 quae
444 3721 606 3798 nondum
625 3721 771 3798 dederat
785 3725 968 3798 cernendo
982 3721 1138 3820 peregit:

143 3821 228 3900 Aut
245 3821 430 3903 bominem
451 3836 574 3900 totum
589 3824 788 3900 exauunern
804 3841 870 3918 per
889 3821 1057 3900 sabbatha
1069 3825 1211 3920 vivum,

141 3919 275 4034 Deque
290 3919 471 4024 sepultus
489 3919 653 4022 presenti
671 3921 785 4020 plebe
801 3925 973 3998 uocsvit:
1084 4021 1099 4098 ¹
1127 4015 1148 4096 s
1193 3962 1198 3970 ·

781 4061 787 4092 r
1102 4043 1161 4119 pe
