2602 4336
162 187 235 264 33¹
292 131 349 268 Ὠ.
374 159 685 260 SsrrAEtop,
704 159 1075 257 Terrebatur
1184 183 1186 188 ’

160 325 458 422 runcorincerta,
474 325 579 402 latius
592 321 1047 420 disputanturpresumpta
1136 335 1230 398 anta

162 425 347 504 difficultas
371 425 579 523 probandi,
613 440 713 498 tanta
737 425 934 518 operositas
959 421 1089 498 suaden
1116 423 1146 512 ’ς
1180 435 1229 498 ut

4 539 5 544 '
161 529 292 604 merito
311 525 517 601 ,Heraclitus
540 526 601 598 ille
623 521 834 600 tenebrosus
858 523 1033 600 vastiores
1052 523 1228 618 caligines

162 625 450 720 animadvertens
466 625 559 718 apud
575 625 837 708 examinatores
853 623 990 717 anima,
1002 623 1117 697 tedio
1128 643 1228 716 qum·

69 759 74 768 ·
161 723 317 802 stionum
342 725 612 822 pronuntiarit,
649 725 824 798 terminos
852 725 974 800 anime
997 741 1242 817 nerpunquarn⁴

160 823 334 900 invenisse
360 845 505 900 omnem
530 825 625 900 viam
638 822 886 922 ingrediendo.
937 819 1138 898 Christiano
1160 841 1226 896 au·

160 937 237 1000 tem
258 923 381 1018 paucis
405 924 448 998 ad
470 921 651 1000 scientiam
674 923 778 1022 htrjus
798 924 851 998 rei
868 943 961 1017 opus
985 921 1056 998 esta
1085 943 1171 997 uam
1189 919 1228 996 dc

162 1037 263 1098 certa
286 1019 421 1118 semper
441 1023 480 1098 in
499 1025 644 1117 paucis,
673 1023 706 1098 dr
726 1025 873 1118 amplius
894 1022 946 1096 illi
962 1041 1123 1114 querere
1142 1041 1226 1096 non

160 1125 271 1215 licet,
298 1145 403 1216 quam
415 1121 515 1216 quod
528 1123 684 1198 inveniri
698 1123 797 1198 licet
846 1117 1006 1197 Infinitas
1020 1123 1227 1214 enimquae·

161 1219 509 1316 stionesdpostolus
528 1222 710 1316 prohibet.
765 1219 883 1297 Porro
906 1241 984 1296 non
1001 1221 1151 1316 amplius
1170 1221 1229 1295 in·

116 1341 118 1349 ·
162 1319 279 1398 veniri
298 1323 409 1414 licet,
436 1341 540 1414 quam
558 1321 659 1414 quod
676 1319 799 1398 aDeo
823 1319 978 1398 discinit.
1029 1319 1144 1416 Quod
1164 1337 1229 1396 au·

162 1435 238 1506 tem
253 1419 370 1496 aDeo
387 1417 551 1516 discitur,
576 1433 698 1496 totum
711 1420 772 1496 est.
1239 1506 1243 1514 ,

58 1583 64 1614 ,
240 1541 273 1616 3.
298 1515 421 1616 Atque
445 1519 582 1596 utinam
602 1521 716 1596 nullas
740 1518 888 1596 hereses
910 1515 1128 1616 oportuisset
1150 1521 1228 1594 erri-

160 1617 274 1712 stere,
294 1633 336 1692 ut
349 1619 553 1714 probabiles
567 1622 699 1714 quique
711 1621 916 1696 emicarent
953 1619 1057 1696 Nihil
1069 1619 1226 1696 omnino

162 1741 245 1796 cum
271 1719 496 1814 Philosophis
522 1717 626 1814 super
652 1721 768 1796 anima
794 1741 939 1814 quoque
964 1719 1226 1816 experiremur,

161 1819 373 1896 Patriarchis
389 1815 453 1918 (ut
469 1817 711 1992 itadixerimg
730 1819 992 1897 hereticorum.
1042 1815 1229 1912 siquidem

162 1919 199 1994 ἀ
219 1919 263 1994 ab
278 1917 462 2012 Apostolo
477 1919 549 2012 iam
572 1931 661 1995 tunc
709 1917 911 2016 hilosophia
924 1919 1109 1996 conculiio
1129 1918 1245 1994 veri.

161 2019 246 2092 tatis
261 2017 533 2116 providebatur.
570 2015 725 2092 Athenis
740 2019 835 2094 enim
848 2032 1018 2114 expertus
1028 2019 1230 2118 linguatam

161 2117 369 2212 civitatem,
395 2137 476 2192 cum
493 2137 620 2207 omncs
633 2119 707 2192 illic
725 2115 1026 2214 sapientiamque
1047 2115 1228 2194 facundie

161 2237 345 2312 caupones
367 2203 598 2316 degustasset,
625 2217 709 2292 inde
729 2219 901 2314 concepit
916 2217 1247 2314 praemonitorium.

162 2315 250 2392 illud
264 2315 426 2392 edictum.
476 2315 633 2396 Proinde
654 2319 748 2394 enim
766 2317 801 2393 ἀ
818 2319 942 2394 anime
957 2317 1052 2394 ratio
1067 2337 1134 2412 per
1147 2315 1227 2412 phi·

162 2413 367 2512 losophatas
387 2415 566 2492 dosninas
587 2417 774 2494 hominum
787 2415 974 2494 miscentes
992 2437 1099 2510 aquas
1118 2413 1228 2510 vino,

163 2517 222 2592 alii
244 2517 482 2593 immortalem
505 2532 639 2618 negant
664 2518 840 2612 animam,
876 2517 934 2592 aiii
952 2517 1141 2612 plusquam
1161 2515 1246 2592 im.

161 2615 353 2690 mortalem
367 2613 573 2710 adfirmant,
596 2617 654 2692 alii
669 2615 714 2692 de
726 2615 934 2710 substantia,
961 2615 1019 2690 alii
1031 2615 1076 2689 de
1091 2611 1227 2710 sonna,

162 2715 223 2806 elii
237 2715 281 2790 de
299 2737 371 2790 una
387 2737 526 2810 quaque
545 2715 774 2812 dispofiu‘one
795 2713 1017 2812 disceptant;
1041 2716 1078 2789 hi
1095 2713 1227 2790 stanam

161 2815 240 2910 eius
264 2812 405 2892 aliunde
428 2815 588 2914 ducunt,
620 2817 656 2892 hi
679 2819 814 2890 exitum
836 2811 1003 2892 aliorsum
1025 2813 1224 2910 abducunt,

161 2927 276 3012 prout
295 2929 356 2988 aut
376 2915 538 2992 Platonis
562 2917 707 3009 honor,
739 2930 802 2990 aut
820 2909 979 2994 Zenonis
1000 2913 1135 3096 viqgr,
1162 2927 1226 2988 aut

79 3076 84 3088 .
161 3012 369 3090 Aristotelis
385 3029 518 3112 tenor,
545 3023 605 3105 aut
625 3013 773 3110 Epicuri
793 3011 938 3112 stupor,
966 3027 1027 3088 aut
1086 3013 1224 3090 eracliti
1291 3020 1293 3028 “

162 3135 321 3209 moeror,
352 3127 415 3190 aut
435 3115 666 3210 Empedoclis
689 3115 792 3188 furor
818 3109 1072 3210 persuaserunt
1123 3109 1225 3190 Deli·

162 3217 262 3308 quit,
285 3215 441 3307 opinor,
468 3215 591 3290 divina
605 3213 767 3290 doctrina
781 3235 826 3288 ex
840 3215 961 3310 Judaea
976 3215 1099 3308 potius
1117 3233 1223 3308 quam

35 3317 37 3324 '
161 3333 210 3386 ex
223 3311 362 3387 Graecia
376 3315 509 3390 oriens.
557 3311 704 3388 Etravit
724 3311 758 3388 dc
777 3309 934 3390 Christus
955 3311 1152 3408 piscatores
1174 3315 1223 3387 ci-

160 3411 232 3484 tius
254 3433 359 3506 quam
378 3409 565 3508 sophistam
580 3413 623 3488 ad
639 3413 857 3508 preconium
872 3415 1049 3490 emittens.
1100 3407 1138 3486 Si
1151 3433 1222 3506 qua

160 3509 271 3606 igitur
289 3511 326 3584 in
347 3511 443 3586 hunc
456 3511 604 3588 modum
619 3512 664 3586 de
680 3511 867 3588 nidoribus
883 3509 1121 3607 Philosophiae
1138 3532 1222 3586 can·

161 3607 284 3684 didum
306 3611 483 3704 &purum
500 3632 618 3686 aerem
635 3611 798 3688 veritatis
817 3609 1014 3708 infuscant,
1047 3633 1091 3686 ea
1114 3623 1221 3686 erunt

160 3705 366 3784 Christianis
384 3711 617 3808 enubilanda,
645 3711 977 3806 &percutientibus
999 3726 1219 3808 argumenta-

160 3811 279 3884 tiones
299 3809 513 3914 originales,
536 3811 574 3887 id
593 3809 646 3888 est
662 3807 950 3914 Philosophicrs,
977 3807 1241 3986 &optplonem

19 3958 23 3966 -
1130 3931 1172 3986 us

1181 4171 1297 4298 Ml
