2596 4336
22 155 26 166 '
142 163 215 241 520
283 89 1063 246 Q.Sear.'l“non†aaronaraur
1135 181 1147 210 1

117 367 123 372 -
142 309 409 401 unanimem,
442 305 542 399 quod
560 332 598 380 ex
616 333 651 382 aa
673 320 762 384 erat
811 303 1044 383 Tantundem
1064 321 1155 402 ergo
1176 301 1227 380 ,ἀ

143 429 226 486 cum
245 405 354 502 dicit,
382 411 486 496 inea,
513 406 671 494 &exea
699 404 894 495 consonat:
922 404 1104 498 anama
1121 415 1225 500 erat,

144 507 245 608 quod
268 513 306 579 in
327 531 363 580 aa
382 520 469 582 erat.
521 505 592 582 Sed
614 511 728 602 bene,
747 507 861 601 ‘quod
884 507 980 582 idem
1007 503 1095 579 dicit
1117 501 1230 578 Matss

144 609 281 702 theut,
308 608 484 706 originem
501 607 636 684 domini
653 609 869 702 decurrens,
896 607 939 684 ab
956 603 1142 680 Abraham
1160 623 1227 676 us·

145 729 216 802 que
233 709 278 781 ad
293 707 465 782 Mariam:
498 711 616 804 Jacob,
644 707 782 802 inquit,
804 711 973 801 generavit
995 705 1139 804 Josapla,
1166 710 1227 774 vi.

146 834 217 884 rum
237 813 383 894 Maria,
414 833 454 880 ex
470 809 701 908 qua-nascitur
722 806 877 905 conflua.
936 805 1008 882 Sed
1033 803 1226 880 &Paulus

68 945 69 950 Ν
146 907 398 984 Grammaticis
420 907 492 982 istis
514 909 691 984 salentium
712 905 879 1002 imponit.
943 905 1057 1002 Masta,
1082 899 1234 998 inquin'

147 1011 202 1084 Da
214 1036 239 1084 ar
250 1011 364 1102 filium
375 1010 476 1097 fnum
488 1007 614 1100 frisium
631 1035 669 1082 ex
686 1009 829 1082 muliere.
855 1007 1055 1101 'Nunquid
1068 1025 1126 1102 per
1141 1024 1225 1080 mu·
1242 1044 1244 1052 v

144 1111 270 1184 lierem
332 1107 393 1182 mr
411 1113 451 1180 in
469 1109 664 1184 mulierem.
726 1107 812 1184 Hoc
837 1107 980 1202 quidem
1007 1101 1228 1203 impreffius,

56 1302 57 1308 Ν
126 1209 249 1304 ··quod
278 1164 553 1310 santanaco,
596 1231 701 1305 quarn
728 1221 866 1282 natam:
902 1206 1091 1302 simplicius
1122 1206 1227 1280 enim

147 1307 369 1384 enunciall'et
385 1327 509 1381 natam.
567 1307 700 1382 raam
715 1321 834 1384 autem
848 1305 1016 1400 dicendo,
1035 1305 1069 1380 dr
1085 1301 1226 1378 vellum

144 1407 360 1501 cerofarium
376 1407 448 1503 est,
476 1409 723 1505 confignavit,
749 1409 914 1482 &narnis
927 1407 1142 1498 veritatem,
1172 1421 1223 1478 ax

20 1517 25 1524 '
94 1561 101 1572 .
145 1509 289 1608 virgine
312 1507 440 1584 fastam
463 1507 698 1598 adseveravit
748 1507 869 1586 Nobis
889 1527 1033 1601 quoque
1058 1503 1102 1578 ad
1121 1503 1223 1578 hanc

147 1605 171 1684 s
190 1609 303 1682 eciem
327 1604 450 1684 Psalmi
473 1611 824 1704 patrocinabuntur,
857 1629 935 1682 non
959 1603 1102 1700 quidem
1130 1624 1223 1698 apo·

72 1724 78 1748 ⁸
181 1723 246 1782 ata
260 1709 295 1781 da
309 1709 466 1784 haeretici
481 1708 659 1784 Platonici
674 1708 878 1803 Valentini,
903 1705 963 1782 sed
976 1702 1168 1780 santissimi
1185 1701 1224 1776 dr

60 1843 70 1871 ·
147 1807 374 1900 receptissrmi
394 1809 584 1906 prophetae
611 1809 746 1905 David.
797 1807 862 1884 Ille
893 1806 986 1901 apud
1019 1825 1088 1880 nos
1122 1803 1225 1875 canit

149 1905 348 1998 Christum,
376 1929 560 2002 perquem
575 1906 609 1982 se
625 1905 1026 2004 cecinit'ipseChristua.
1078 1901 1222 1998 Accipe

150 2003 329 2082 Christum
352 2007 385 2081 dr
404 2009 485 2084 audi
502 2006 686 2084 dominum
702 2009 787 2084 Deo
808 2009 1057 2099 eloquentem:
1089 2005 1165 2102 quia
1182 2020 1231 2103 na

84 2151 93 2173 .
151 2131 182 2179 as
200 2113 256 2205 qai
269 2107 407 2203 avulfifli
422 2133 469 2179 me
483 2135 521 2178 ex
535 2127 625 2182 utero
640 2114 755 2182 matris
769 2133 858 2182 maa:
887 2105 984 2182 Ecce
1002 2123 1126 2180 unum.
1173 2103 1230 2197 Et,

144 2205 217 2304 spes
237 2229 303 2280 maa
323 2210 362 2279 ab
379 2209 525 2280 uberibus
540 2215 659 2284 'matris
671 2235 759 2298 maa,
776 2209 871 2306 super
886 2207 994 2297 taliam
1005 2203 1163 2306 projetiur
1182 2230 1230 2280 tx.

34 2373 37 2380 .
151 2307 269 2384 vulva.
302 2307 401 2386 Ecce
414 2309 520 2386 aliud.
541 2307 604 2398 ,Et
616 2312 653 2382 ab
670 2331 759 2384 utero
771 2314 886 2382 matris
897 2333 969 2380 maa
985 2309 1074 2380 Dm
1088 2331 1175 2377 mear
1190 2329 1223 2376 as

30 2447 34 2458 ·
150 2423 203 2492 tv.
252 2405 478 2486 Eccealiter.
529 2409 641 2486 Nunc
664 2409 707 2486 ad
729 2409 843 2486 sensus
863 2406 958 2502 ipsos
982 2405 1221 2483 decertemus.

151 2509 317 2608 Avulfisla
334 2511 465 2602 inquit,
483 2537 522 2582 ex
534 2528 635 2584 utero.
664 2509 763 2612 Quid
779 2509 961 2602 avellitur,
977 2508 1039 2582 nist
1054 2505 1154 2600 quod
1169 2507 1223 2580 in·
1274 2513 1276 2524 '

152 2609 289 2686 lraeretl
307 2609 406 2702 qnod
422 2607 484 2700 insi
511 2634 585 2706 um,
601 2613 772 2686 innexum
783 2607 833 2683 est
848 2609 893 2703 ai,
908 2629 1012 2702 aquo
1029 2621 1071 2682 ut
1085 2605 1222 2706 aufera-

152 2719 233 2800 tur,
256 2711 434 2787 avellitur.
465 2707 501 2786 δι
517 2731 593 2786 non
610 2709 892 2804 adhaesaautero,
912 2707 1100 2802 quomodo
1119 2707 1223 2780 avul-

154 2807 210 2882 sus
227 2805 291 2902 est,
308 2809 332 2882 st
349 2809 490 2884 adnant
505 2813 564 2904 qui
580 2807 721 2886 avulsus
734 2808 799 2904 esl,
810 2807 997 2902 quomodo
1016 2803 1230 2910 adhesissem!

154 2907 216 2982 nisi
241 2907 326 2982 dum
345 2931 390 2982 ex
403 2923 513 2984 utero
535 2909 585 2986 est
603 2931 668 3005 per
686 2911 786 2986 illum
806 2928 960 2985 nervum
977 2907 1221 2982 umbilicarem

155 3001 429 3100 qtrasr'folliculi
455 3009 504 3083 sui
529 3010 713 3108 traducem
737 3007 1051 3104 adnexus'origini
1073 3005 1225 3082 vulvas:

153 3103 275 3182 Etiam
300 3127 382 3182 cum
407 3109 491 3201 quid
518 3123 728 3184 extraneum
754 3123 929 3186 extraneo
960 3107 1220 3206 adglutinatur:

155 3207 207 3283 ita
223 3221 462 3282 concarnatur
484 3204 806 3284 &convisceratur
825 3231 907 3283 cum
928 3229 975 3282 eo
997 3207 1055 3283 cui
1074 3205 1231 3305 adgluti-²

102 3310 112 3318 “
155 3321 281 3380 natur:
317 3321 360 3380 ut
381 3329 463 3382 cum
490 3309 683 3405 avellitur,
713 3311 828 3404 rapiat
850 3309 969 3384 secum
992 3331 1038 3384 ex
1063 3311 1220 3403 corpore

158 3403 311 3498 aliquid,
345 3429 367 3480 a
395 3429 467 3499 quo
497 3409 690 3506 avellitur,
727 3409 821 3503 quasa
847 3407 1022 3502 sequelam
1047 3407 1223 3501 quandam,

157 3505 318 3597 abruptae
338 3507 514 3600 unitatis,
546 3508 580 3582 da
606 3510 805 3604 producem
826 3510 941 3586 mutui
966 3507 1096 3585 coitus.
1156 3503 1227 3606 (Ξε-Δ

157 3613 275 3680 terum
302 3627 380 3696 quae
406 3608 517 3680 ubera
541 3609 663 3684 matris
689 3607 757 3684 sua
778 3605 971 3687 nominati
1011 3605 1082 3682 line
1111 3605 1218 3684 dubio

157 3723 236 3794 quae
250 3703 374 3786 hausrt.
425 3705 684 3800 Respondeant
695 3709 928 3802 obstetrices,
944 3705 1075 3798 medici
1089 3706 1221 3804 &phy-

156 3799 219 3894 sici
232 3803 277 3880 de
290 3805 443 3882 uberum
460 3821 614 3908 nauata,
638 3831 684 3888 an
699 3812 803 3887 aliter
823 3827 967 3886 manare
989 3807 1128 3886 soleant
1147 3809 1220 3984 lsarae

1093 3928 1145 3982 vu
1159 3952 1172 3967 .
