2634 4336
154 166 234 296 ξοδ
300 167 354 303 Q„
381 195 517 278 sarr.
545 198 684 278 Fron.
719 173 1060 278 Tanadaurrrrr
1270 169 1293 268 ”l

155 359 336 460 scaturigo
354 361 571 454 daemonica3
592 375 653 438 aut
670 359 878 438 Alexandro
894 362 1023 436 accidit
1038 341 1240 437 Nonacris*

75 550 83 568 ,
157 461 323 540 Arcadia
339 477 540 554 vepenata3
567 462 636 538 suit
655 463 830 558 &Judaeae
846 463 944 536 lacus
962 461 1119 536 medicus
1137 475 1229 536 ante

158 556 348 638 Christum.
399 561 507 638 Plane
524 559 664 658 Stygias
681 563 827 656 paludes
846 576 956 658 poeta
971 560 1116 636 tradidit
1126 583 1230 646 mor·

100 673 111 684 '
156 674 233 738 tem
247 663 435 738 diluentes.
485 661 556 736 Sed
572 661 604 734 dr
620 661 749 738 Thetis
766 659 875 737 filium
890 663 1040 756 planxit.
1089 664 1228 761 Quam·

157 783 264 856 quam
285 763 310 836 sr
333 763 366 836 dr
387 763 587 836 Menander
606 763 644 836 in
660 762 806 860 Stygem
823 765 971 860 mergit,
996 761 1228 838 moriendum

24 897 29 904 ·
123 883 126 890 ’
158 863 229 938 erit
250 863 504 958 nihilominus,
530 873 572 936 ut
595 863 638 936 ad
653 861 800 960 Stygem
818 865 955 938 venias.
1007 859 1115 958 Apud
1134 860 1228 936 infe·

155 983 223 1036 ros
245 965 340 1036 eninr
363 962 504 1037 dicitur.
604 984 739 1036 uenam
763 963 965 1060 &ubinam
985 959 1049 1034 ista
1069 959 1228 1035 felicitas

86 1145 90 1152 ,
159 1081 355 1156 aquarum,
383 1083 468 1154 quus
487 963 730 1155 necffoanncs
754 1065 958 1158 baptizator
981 1059 1229 1155 praeministra·

110 1184 114 1192 ·
157 1163 238 1256 vit,
263 1183 331 1236 nec
348 1159 504 1236 Christus
522 1159 594 1256 ipse
609 1156 786 1256 discipulis
802 1159 1084 1237 demonstravitt
1111 1159 1235 1260 Quod

158 1263 235 1362 hoc
259 1259 452 1338 Menandri
471 1261 664 1356 balneum,
698 1261 887 1338 Comicum
915 1263 1056 1354 credo,
1083 1259 1231 1334 sedeur

158 1375 233 1436 tam
256 1359 490 1456 infrequens,
526 1375 598 1436 tam
625 1365 835 1456 occultum,
868 1383 941 1455 quo
961 1361 1149 1456 pauciliimi
1178 1361 1232 1434 la·

159 1459 282 1538 vanti
308 1457 507 1554 Suspectam
523 1463 617 1535 enim
638 1459 763 1538 faciam
780 1475 915 1536 tantam
932 1461 1113 1536 raritatem
1126 1458 1231 1534 secu·

158 1558 276 1636 rllhmi
297 1575 405 1654 atque
421 1559 575 1636 tutilllmi
593 1559 823 1657 sacramenti,
850 1560 942 1656 apud
958 1559 1055 1654 quod
1070 1581 1139 1634 nec
1154 1579 1230 1654 pro

159 1657 247 1758 Deo
267 1660 345 1754 ipso
360 1663 453 1736 mori
468 1662 526 1735 lex
543 1659 616 1756 est,
642 1684 723 1738 cum
742 1675 871 1738 contra
887 1681 1012 1736 omnes
1024 1663 1095 1756 jam
1108 1661 1232 1734 natio·

158 1781 225 1838 nes
249 1759 439 1836 ascendant
461 1761 497 1835 in
523 1777 685 1838 montem
707 1763 883 1854 Domini,
917 1759 951 1836 dr
969 1761 1006 1834 in
1024 1758 1230 1834 edem-Dei

160 1859 303 1960 Jacob,
337 1874 494 1941 mortem
519 1881 585 1954 per
610 1865 818 1956 martyrium
845 1881 990 1955 quoqne
1018 1859 1235 1958 flagitantis,

162 1980 270 2054 quam
291 1959 336 2034 de
357 1958 499 2036 Christo
517 1961 624 2036 etiam
646 1959 710 2036 suo
732 1961 876 2058 exegit?
910 1961 991 2034 Nec
1005 1958 1137 2056 Magia
1152 1973 1232 2053 tan·

93 2117 99 2131 .
161 2070 239 2132 tum
264 2057 364 2132 dabit
386 2059 593 2153 quisquam,
620 2073 662 2134 ut
681 2063 812 2136 eximat
834 2073 1017 2154 mortem,
1046 2071 1108 2132 aut
1129 2079 1234 2153 repa·

159 2153 270 2244 ffin'et
293 2160 377 2232 vitis
395 2159 508 2232 modo
526 2160 639 2236 vitam
658 2175 764 2236 aetate
782 2175 971 2236 renovata.
1022 2159 1108 2234 Hoc
1133 2161 1234 2234 enim

65 2285 73 2314 ··
160 2279 209 2336 ne
224 2258 367 2334 Medeae
389 2259 531 2353 quidem
552 2261 655 2336 liduit
680 2261 717 2335 in
739 2263 946 2354 hominem,
981 2259 1044 2336 etii
1064 2259 1169 2332 licuit
1194 2257 1234 2353 in

159 2379 371 2436 vervecem.
439 2357 650 2436 Translatus
677 2361 729 2438 est
753 2360 884 2436 Enoch
912 2362 947 2434 δι
977 2359 1126 2451 Helias,
1160 2376 1235 2455 neq

160 2478 261 2555 mors
291 2479 419 2534 eorum
445 2477 589 2554 reperta
610 2461 693 2557 est,
730 2461 837 2541 dilata
863 2459 1007 2536 scilicet.
1059 2455 1236 2534 Ceterum

159 2559 330 2634 morituri
353 2559 609 2657 reservantur,
638 2577 680 2638 ut
700 2560 959 2636 Antichristum
979 2557 1147 2656 sanguine
1166 2557 1233 2634 hro

162 2657 401 2754 exstinguant.
474 2658 577 2734 Obiit
612 2661 856 2758 &Joannes,
895 2663 1064 2752 quentin
1094 2657 1234 2732 adven·

162 2767 240 2830 tum
263 2757 414 2834 Domini
441 2759 680 2838 remansurum
704 2761 830 2838 frustra
852 2761 972 2842 hierar
990 2758 1079 2855 spes.
1137 2757 1234 2834 Fere

163 2855 259 2932 enim
283 2855 430 2933 hereses
454 2861 498 2934 ad
515 2859 637 2938 nostra
660 2863 822 2956 exempla
836 2859 1048 2956 prosiliunt,
1072 2845 1158 2932 iliae
1179 2855 1235 2932 su·

162 2973 302 3032 mentes
317 2957 473 3052 praesidia
487 2981 560 3054 quo
574 2975 752 3057 pugnant:
778 2959 962 3055 postremo
977 2957 1235 3054 compendium

163 3053 236 3152 est,
264 3057 326 3130 ubi
340 3055 420 3132 sunt
438 3061 489 3134 illi
507 3083 599 3153 quos
615 3061 817 3136 Menander
835 3059 908 3156 ipse
927 3059 1107 3154 perfudit,
1137 3077 1234 3150 quos

163 3157 202 3232 in
225 3156 362 3254 stygem
384 3155 479 3235 suam
501 3161 646 3235 mersrti
682 3159 850 3255 Apostoli
869 3181 1044 3256 perennes
1064 3160 1235 3252 veniant,

163 3255 353 3345 adsistant3
390 3259 515 3332 videat
538 3261 621 3336 illos
640 3283 740 3336 meus
759 3259 943 3354 Thomas,
975 3259 1124 3354 audiat,
1145 3279 1235 3334 corr·

163 3355 317 3450 credet,
344 3355 530 3434 &credat⁸
639 3365 648 3386 '

172 3544 177 3554 .
203 3553 206 3560 ,
236 3475 296 3546 51.
325 3455 428 3549 Opus
454 3471 573 3534 autem
598 3463 725 3534 mortis
750 3461 786 3534 in
806 3459 926 3534 medio
954 3457 1029 3551 est,
1063 3455 1235 3532 discretio

156 3556 333 3646 corporis
353 3557 556 3649 animeque.
608 3557 679 3633 Sed
703 3559 843 3654 quidam
869 3561 912 3632 ad
927 3559 1237 3635 immortalitatem

165 3653 310 3746 animae,
338 3675 443 3745 quam
456 3658 597 3752 quidam
613 3680 690 3734 non
707 3684 727 3736 a
742 3660 825 3733 Deo
843 3659 961 3733 edotli
977 3655 1115 3735 infirme
1131 3673 1237 3730 tuen·

163 3766 247 3846 tur,
275 3755 326 3826 ita
338 3757 668 3850 argumentationes
683 3759 926 3852 emendicant,
951 3769 994 3830 ut
1007 3759 1123 3832 uelint
1136 3755 1238 3830 credi

32 3917 39 3932 ,
165 3854 272 3928 etiam
289 3849 372 3950 post
391 3869 549 3932 mortem
565 3860 734 3949 quaedam
752 3860 882 3934 animae
904 3855 1085 3934 adherere
1100 3875 1238 3949 corpo·

621 3969 624 3972 ’
1069 3958 1182 4030 ribus.
