2586 4334
153 159 225 246 sus
281 153 329 254 Q.
357 121 495 230 Ss'rr.
520 143 666 230 riou
692 149 1063 232 Traroaarartt

150 313 282 404 debeat
295 314 354 407 ei,
380 313 479 410 quod
492 315 526 390 ei
541 314 674 392 debere
691 311 848 402 deberit:
872 315 1073 412 bocmrgit
1088 311 1226 398 vitm

151 413 250 506 quod
268 401 438 490 absoluta
502 453 508 462 ·
591 457 594 464 ⁴
1254 493 1267 507 ‚

227 536 261 608 9.
288 513 398 610 Igitur
417 529 459 586 ut
473 527 635 592 retexam
653 537 755 610 quam
773 512 874 590 Deus
891 513 1052 588 manibus
1075 511 1142 588 suis
1163 511 1215 590 ad

52 669 57 676 -
150 613 339 708 imaginem
352 613 425 688 Dei
439 613 590 713 strunt,
616 637 719 710 quam
740 615 783 690 de
806 613 870 690 suo
887 613 1020 690 adflatu
1037 613 1079 700 ad
1095 613 1215 689 simili·

150 713 313 790 tudinem
335 711 403 787 suae
427 715 632 791 vivacitatis
659 717 853 790 animavit:
889 735 994 806 quam
1019 712 1212 808 incolatui,

150 811 303 905 nuum,
329 813 525 891 dominatui
545 819 659 890 totius
674 812 741 890 suae
761 814 982 908 operationis
997 809 1212 908 preposuit:

151 935 256 1006 quam
277 913 500 990 sacramentis
523 913 590 990 suis
615 915 873 1008 disciplinisque
897 913 1071 1006 vestivit,
1105 913 1210 1004 cuius

149 1013 339 1090 munditias
364 1029 481 1111 amat,
516 1017 615 1109 cujiu
641 1015 887 1112 castigationes
913 1014 1071 1106 probat,
1106 1011 1212 1103 cujus

177 1111 323 1188 affiones
334 1113 395 1188 fibi
412 1113 614 1210 adpreciat,
639 1117 796 1192 haeccine
809 1134 885 1188 non
900 1111 1056 1207 resurget
1069 1111 1212 1188 totiens

190 1211 248 1286 eil
281 1209 387 1288 Absit
401 1230 442 1287 ut
455 1213 556 1288 Deus
573 1237 740 1291 manuum
762 1213 898 1288 suarum
916 1231 1083 1306 operam,
1109 1213 1213 1306 iuge·

149 1311 201 1386 nii
222 1308 271 1384 sui
295 1332 435 1408 curam,
462 1313 609 1388 adflatus
633 1312 684 1388 sni
702 1315 889 1409 vaginam,
921 1309 1119 1386 molitionis
1140 1309 1215 1386 suae

148 1411 332 1508 reginam,
362 1413 581 1490 liberalitatis
603 1413 671 1489 suae
694 1411 895 1506 haeredem,
929 1411 1111 1506 religionis
1141 1407 1214 1484 suae

148 1509 392 1604 sacerdotem,
416 1513 609 1588 testimonii
629 1513 678 1588 firi
701 1515 874 1605 militem,
900 1509 1025 1584 Christi
1042 1507 1092 1582 sui
1106 1507 1215 1584 soro·

148 1629 242 1702 tem,
269 1611 305 1684 in
322 1625 494 1688 aternum
509 1613 881 1690 destituatinteritum.
931 1609 1074 1684 Bonum
1088 1607 1214 1686 Deum

148 1713 337 1800 nouimus:
363 1711 475 1788 solum
495 1717 671 1811 optimum
693 1708 871 1790 aClnisto
889 1707 1119 1802 addiscimus,
1146 1708 1212 1800 qui

150 1810 376 1886 dileilionem
390 1815 578 1906 mandans,
600 1815 683 1910 post
696 1813 789 1886 suam
802 1813 839 1886 in
853 1809 1077 1906 proximum,
1098 1805 1213 1884 saciet

150 1909 272 2004 &ipse
295 1911 393 2004 quod
412 1915 597 2008 precipit:
624 1913 747 2008 diliget
769 1929 910 1986 carnem
933 1923 993 1982 tot
1010 1909 1126 1988 modis
1145 1907 1213 1984 libi
1277 1989 1278 1994 g

148 2013 368 2108 proximam,
394 2013 457 2088 etfi
471 2009 662 2106 infimam,
689 2013 746 2086 sed
760 2018 867 2082 virtus
884 2033 921 2082 m
936 2009 1127 2100 infirmtiate
1135 2030 1212 2104 per·

140 2113 277 2207 plcitant
304 2109 366 2186 etsl
381 2113 614 2210 imbecillam,
626 2113 678 2201 sed
695 2115 921 2184 medicininos
938 2109 1129 2203 desiderant,
1147 2107 1212 2207 ogs

147 2209 413 2298 malcholinum
445 2212 507 2288 etsi
524 2211 766 2306 inhonestam,
793 2209 1125 2304 sedinlnnellioribus
1138 2232 1210 2280 m·

142 2315 244 2411 jarem
261 2315 482 2386 circumdamur
496 2317 661 2402 amorem,
686 2311 749 2388 etl]
765 2311 954 2406 perditam:
981 2306 1040 2384 sed
1055 2333 1128 2404 ego,
1153 2305 1209 2382 in·

38 2487 46 2494 ,
149 2409 246 2504 quit,
271 2419 367 2507 ueni,
394 2431 431 2486 ut
448 2416 526 2514 quod
542 2417 659 2510 periit,
680 2415 807 2502 smmum
820 2411 942 2505 saciant
954 2431 968 2498 ,·
1001 2409 1062 2484 etl
1082 2427 1211 2502 pecca·

147 2515 291 2588 tricem:
317 2511 377 2590 sed
393 2517 472 2586 mato
487 2517 587 2603 mibi,
611 2513 748 2607 iuquit,
761 2511 897 2601 [alutem
909 2515 1095 2606 peccatoris,
1112 2527 1211 2606 quan

146 2631 302 2699 moram
335 2616 398 2700 etsi
418 2607 636 2690 damnatam:
669 2609 728 2688 sed
750 2639 818 2710 ego,
851 2607 987 2704 inquit,
1022 2617 1209 2700 pernetam,

145 2710 187 2790 U
196 2713 324 2802 fiands.=
376 2716 474 2812 Quid
497 2738 539 2790 ea
559 2717 756 2808 exprobras
773 2711 890 2802 carni,
913 2731 993 2804 quc
1009 2705 1127 2786 Deum
1146 2729 1210 2782 ex-

147 2809 312 2908 pesam,
338 2831 416 2907 qua
434 2815 469 2889 in
486 2815 606 2890 Deum
621 2809 787 2908 speranti
812 2809 1042 2892 honorantur
1054 2809 1098 2882 ab
1113 2805 1208 2882 illo?

149 2915 276 3006 quibus
298 2911 488 2988 subvenit?
514 2913 635 2990 dulim
649 2914 790 3006 dicere,
815 2909 931 2986 sinac
946 2911 1043 2982 carni
1057 2929 1134 2982 non
1150 2927 1210 2984 ac·

148 3012 330 3105 cidilsent,
366 3016 590 3112 benignitas,
623 3013 755 3110 gratia,
790 3007 1057 3102 misericordia,
1088 3007 1210 3084 omaus

148 3115 206 3190 vis
224 3115 295 3190 Dei
310 3111 473 3189 benefica
492 3113 675 3190 vacuisset.
842 3207 843 3210 Ἴ

212 3235 281 3306 ¹ro.
313 3213 438 3288 Tenes
459 3213 646 3310 scripturas
711 3213 838 3304 quibus
868 3229 954 3284 caro
984 3205 1226 3284 insultatori·

97 3327 102 3340 ’
147 3324 233 3388 tene
256 3315 362 3398 etiam
385 3315 512 3410 quibus
538 3263 751 3388 inlustrium
809 3311 913 3407 tegis
935 3329 1016 3382 cum
1041 3325 1127 3382 caro
1147 3306 1210 3380 de·

146 3413 337 3508 primitur?
354 3415 456 3510 adige
473 3413 601 3488 oculos
618 3413 652 3484 a
667 3433 748 3486 cum
762 3429 847 3484 caro
862 3411 1058 3488 relevatur.
1092 3411 1210 3494 Omns}

146 3537 217 3584 caro
224 3513 363 3604 fenum.
415 3513 507 3591 Non
523 3513 597 3588 hoc
610 3511 724 3586 solum
735 3505 1131 3610 pronunciavitEsaias,
1149 3501 1211 3582 sed

147 3612 208 3703 dt,
237 3618 348 3685 Omnis
369 3639 438 3686 caro
461 3615 582 3689 videbit
602 3615 742 3698 solutore
765 3615 841 3684 Dei.
891 3607 1054 3682 Notatur
1077 3605 1116 3678 in
1136 3603 1210 3680 Ge·

146 3710 242 3805 nesi,
269 3713 391 3788 dicens
406 3714 528 3790 Deus:
562 3705 642 3788 Non
657 3712 795 3810 manebit
808 3711 941 3806 spiritus
958 3711 1093 3780 neusin
1108 3705 1211 3778 bomi-

146 3813 245 3884 nilus
265 3813 359 3912 istis,
392 3819 467 3916 quio
489 3821 670 3908 ratapant.
722 3811 792 3888 Sed
810 3805 951 3886 auditur
969 3803 1212 4002 petgsselemt
1242 3885 1247 3892 .

1101 3930 1164 3978 an-
