2540 4334
1256 2 1264 163 i

161 208 233 280 ¹40
307 187 354 288 Q.
378 181 515 264 sarr.
539 179 679 262 Fron.
703 181 1068 262 Terror-arnan

110 390 115 404 x
158 347 275 448 primo
290 347 388 440 quod
403 345 557 440 spiritale
577 343 649 440 est,
680 343 741 422 sed
760 345 859 440 quod
880 345 1051 434 animaie3
1086 343 1229 420 dehinc

160 448 258 544 quod
273 447 449 540 spiritale,
476 443 629 538 proinde
646 446 829 524 videamus
850 467 894 520 an
908 445 944 519 id
959 444 1071 542 ipsum
1087 444 1225 520 debeas

97 594 101 604 ·
135 549 244 630 ·huic
265 569 410 639 quoque
428 543 544 620 censui
565 545 741 636 secundo,
775 567 820 622 an
838 546 876 620 in
896 545 1018 618 cadem
1036 559 1076 618 te
1101 544 1227 625 forma

159 645 231 724 effe
250 647 470 740 conveniat,
496 645 534 722 in
551 667 619 738 qua
633 643 838 734 noviffimus
851 665 998 739 quoque
1015 644 1161 736 Adam,
1186 645 1225 729 in

159 769 229 842 qua
262 749 296 821 dc
321 747 478 843 prirnus3
515 747 657 838 quando
682 745 887 822 noviffimus
912 743 1057 839 Adam,
1076 744 1129 830 ,id
1158 743 1224 839 εὴ,

160 844 317 924 Christus
348 850 520 940 innuptus
552 847 590 918 in
622 860 773 938 totum,
810 845 1050 938 quodetiam
1083 845 1224 938 primur
1263 881 1264 886 Ν

158 946 308 1040 Adam,
339 959 423 1022 ante
443 945 610 1022 exsilium.
669 945 738 1020 Sed
760 943 898 1018 donato
922 939 1125 1019 infirmitati
1151 959 1225 1020 tue

160 1046 273 1122 carnis
293 1044 361 1122 suar
379 1045 545 1140 exemplo
561 1043 755 1140 perfectior
769 1041 905 1137 Adam,
920 1041 1022 1118 idest
1042 1041 1224 1138 chrima,

159 1169 207 1224 co
224 1165 369 1241 quoque
382 1146 528 1220 nomine
542 1145 753 1240 perfefflor:
774 1165 845 1238 qua
857 1143 1052 1240 integrior,
1072 1143 1225 1222 volenti

182 1246 301 1320 uidem
317 1245 382 1318 tibi
399 1241 507 1338 spado
523 1245 683 1318 occurrit
698 1245 734 1320 in
754 1265 880 1335 carne,
907 1243 930 1319 sr
946 1263 1039 1318 vero
1054 1263 1134 1318 non
1155 1241 1226 1320 suf·

157 1269 263 1438 iqrcis,
296 1363 534 1442 monogamus
553 1346 707 1418 accurrit
725 1346 762 1422 in
784 1343 928 1438 spiritu,
942 1364 1060 1418 unam
1081 1344 1225 1422 habeor

157 1445 340 1520 ecclesiam
356 1440 538 1538 sponsam,
563 1442 754 1518 secundum
770 1439 885 1518 Adam
898 1441 1030 1520 &uve
1044 1441 1223 1542 figuram

158 1565 264 1640 quarn
279 1541 475 1638 Apostolus
492 1544 529 1616 in
548 1543 635 1618 illud
654 1564 820 1640 magnum
840 1541 1096 1618 sacramentum
1109 1545 1223 1618 inter·

155 1657 319 1744 pretatur
336 1643 373 1718 in
394 1637 622 1718 Christum&
642 1643 823 1718 ecclesiam
851 1639 1060 1738 competiffe
1084 1643 1223 1724 carnali
1262 1645 1264 1732 1

156 1746 392 1842 monogamiae
408 1763 471 1836 per
483 1739 682 1838 spiritalem.
732 1742 845 1818 Vides
862 1745 968 1837 igitru
987 1743 1224 1836 quemadmo-

157 1845 242 1922 dum
270 1843 376 1918 etiarn
398 1844 436 1916 in
467 1839 607 1916 Christo
633 1863 776 1916 novans
802 1841 970 1936 censum,
1006 1863 1083 1916 non
1113 1843 1222 1938 podir

157 1967 240 2022 oum
260 1943 333 2018 fine
348 1941 583 2035 monogamiae
601 1942 815 2036 profeffionc
833 1940 996 2032 deferre3
1028 1941 1093 2016 niii
1111 1965 1224 2020 carne

20 2115 26 2120 .
155 2043 221 2136 fis,
247 2039 345 2136 quod
361 2037 485 2132 spiritu
498 2041 559 2114 ille
576 2039 645 2136 εὴ,
671 2041 759 2116 licet
780 2039 815 2116 dc
834 2041 934 2136 quod
953 2039 1024 2116 fuit
1037 2041 1077 2116 in
1093 2063 1223 2138 carne,

157 2162 256 2236 nequo
270 2139 341 2218 effe
356 2139 532 2220 debueris.

230 2243 264 2316 ό.
299 2239 369 2314 Sed
402 2238 517 2314 adhuc
548 2237 655 2314 nobis
683 2259 877 2333 queramus
902 2238 1040 2336 aliquos
1067 2241 1221 2339 originis

154 2340 348 2442 principes.
398 2337 488 2414 Non
507 2341 650 2434 placent
668 2341 761 2416 enim
781 2339 991 2434 quibusdum
1007 2345 1224 2442 monogami

154 2453 323 2544 perennes
341 2435 458 2514 Adam
480 2437 643 2532 &Noc‚
681 2437 827 2516 fortess‘e
847 2462 916 2518 nec
935 2439 1109 2518 Christus.
1161 2441 1221 2518 Ad

155 2539 339 2618 Abraham
355 2539 509 2634 denique
524 2555 745 2634 provocant,
762 2541 935 2634 prohibiti
951 2555 1092 2638 patrem
1112 2544 1222 2620 alium

180 2655 283 2716 teter
296 2639 416 2714 Deum
428 2635 632 2736 agnoscere.
672 2637 726 2714 Sit
739 2661 836 2716 nunc
850 2653 954 2738 pater
970 2639 1093 2714 noster
1102 2641 1220 2718 Abra·

153 2661 258 2834 Bam,
284 2739 327 2815 fit
347 2737 382 2812 &
402 2737 541 2815 Paulus.
602 2742 641 2811 In
659 2741 838 2836 evangelio,
863 2740 1002 2834 inquit,
1027 2765 1076 2834 ego
1093 2767 1158 2814 vor
1172 2767 1223 2836 gc·

153 2845 283 2916 neraei.
335 2833 454 2912 Etiam
467 2836 622 2913 Abrahae
638 2851 676 2914 te
691 2836 804 2916 filium
818 2839 958 2919 exhibe.
1009 2838 1103 2916 Non
1123 2845 1221 2918 enim

5 3001 6 3020 i
118 3005 122 3010 .
152 2939 305 3042 prssivus
328 2939 395 3014 tibi
415 2935 539 3014 census
560 2937 612 3014 est
635 2939 672 3014 in
695 2940 771 3018 illo.
824 2939 971 3016 Certum
989 2953 1136 3035 tempus
1156 2939 1220 3036 εὴ,

5 3027 6 3084 ³
204 3061 231 3114 o
255 3055 337 3116 tuus
358 3051 461 3134 pater
482 3035 543 3114 est,
594 3037 630 3112 Si
655 3040 749 3114 enim
770 3061 815 3116 cx
830 3035 904 3116 fide
923 3036 986 3114 filii
1003 3039 1221 3134 deputamur

153 3059 341 3234 ffirmhae,
379 3150 421 3214 ut
445 3135 643 3232 Apostolus
671 3137 805 3236 docet,
830 3139 953 3214 dicens
984 3133 1028 3213 a'd
1055 3137 1222 3236 Galatae,
1261 3143 1262 3154 '

156 3241 346 3336 cognoscitis
359 3259 486 3334 mnrpe,
533 3241 587 3308 uia
602 3243 660 3332 qui
676 3263 715 3310 cx
726 3239 810 3330 fide,
838 3239 888 3336 r'fli
895 3241 978 3328 sunt
985 3240 1056 3329 filii
1070 3242 1222 3316 Adraha.

5 3339 6 3384 ³
129 3337 313 3442 -Quando
333 3335 484 3412 credidit
500 3263 680 3412 Xbraham
698 3337 807 3432 Deo,
832 3339 867 3414 dr
885 3337 1096 3436 deputatum
1116 3339 1222 3416 estci

152 3436 192 3516 in
211 3435 403 3532 iustitiam?
438 3433 582 3528 Opinor
602 3435 717 3512 adbuc
736 3437 774 3512 in
796 3440 1048 3534 monogamia,
1075 3443 1165 3532 quia
1185 3441 1221 3516 in
1257 3461 1262 3530 ι

154 3537 422 3614 circumcisione
443 3533 633 3628 nondum,
659 3535 804 3630 quodsi
825 3535 949 3634 postea
972 3538 1010 3614 in
1032 3551 1222 3634 utrunque

150 3649 308 3718 mutatus
325 3636 397 3731 est,
424 3635 511 3712 &in
529 3633 737 3731 digamam,
762 3657 827 3730 per
844 3638 978 3711 ancille
997 3639 1220 3714 concubina·

150 3745 257 3825 tum,
291 3735 325 3810 dr
348 3731 385 3810 in
411 3734 713 3810 circumcisionem
739 3755 804 3830 per
830 3735 1030 3810 testamenti
1057 3737 1220 3834 fignacu·

150 3833 253 3922 unc
267 3856 346 3916 nou
370 3833 600 3938 poterium
621 3849 762 3936 patrem
786 3831 1002 3942 agnoscere,
1025 3837 1091 3914 uifi
1113 3851 1219 3936 tunc,
