2638 4342
90 161 108 190 ’·
191 115 281 262 684
309 156 549 268 .Q.'Saer.
572 165 716 249 Fror'.
741 167 1103 248 Trarustrnur
1158 210 1161 218 .

188 327 397 408 Promissum
417 329 580 405 Patribus
601 351 692 424 quos
707 327 926 406 illestaverat
940 345 1035 405 ante:

191 431 357 522 Cernite,
387 431 470 524 quid
493 433 626 523 virtus,
655 432 737 524 quid
755 433 889 525 paschae
904 431 1008 526 poffit
1027 431 1165 528 imago,
1282 499 1285 513 ,

159 553 162 562 ’
187 531 249 624 Sic
269 550 394 604 verum
411 529 496 622 quid
510 531 571 623 fit,
598 533 763 625 poteritis
779 530 905 626 pascha
924 531 1059 604 videre.

188 627 252 706 Nc
267 627 356 704 fidus
371 645 492 724 pater,
519 631 694 722 cavatas,
716 627 774 704 cui
790 631 916 725 pignus
933 629 968 701 dt
985 631 1096 703 haeres

189 729 302 802 Carus
317 745 413 821 erat,
440 751 545 821 quem
564 729 662 804 forte
676 731 776 804 Deus
795 731 996 803 donaverat
1011 727 1076 810 illi,

187 829 299 906 Hunc
313 827 398 900 Deo
418 833 606 923 mactaret,
628 829 762 904 merito
781 843 938 902 tentatus
962 846 1098 920 amore,

187 927 406 1023 Supplicium
427 951 614 1026 magnum,
641 929 774 1003 sandius
789 949 858 1021 pro
876 927 1042 1025 sanguine
1060 925 1200 1024 sanguis

188 1028 387 1101 Connexus
401 1031 518 1121 capite
535 1029 638 1122 spinis
656 1027 855 1103 ostenditur
876 1049 1001 1124 agnus,

187 1127 316 1204 Hostia
328 1126 441 1200 saneta
457 1129 559 1220 Deo,
585 1131 685 1221 cujus
698 1130 744 1201 de
760 1141 879 1201 morte
893 1127 979 1222 piati
1100 1205 1102 1208 ,

187 1225 288 1301 Effer
298 1239 340 1300 ut
353 1229 389 1300 in
402 1229 554 1324 ignum,
582 1230 615 1300 dr
632 1227 774 1302 vastata
789 1230 939 1322 pignora
955 1227 1082 1320 gentis.

187 1327 364 1424 Sanguine
379 1328 556 1425 signantur
568 1327 709 1420 postes,
735 1327 771 1400 n
785 1327 905 1400 limina
919 1328 1030 1400 multa

186 1423 344 1501 Immane
360 1427 547 1519 auxilium,
569 1449 654 1500 caro
672 1425 768 1500 testis
789 1427 946 1499 creditur
959 1425 1047 1500 esca.

186 1525 286 1622 Jesus
304 1525 532 1622 transgressus
544 1527 700 1621 Jordan,
726 1541 891 1618 terraque
908 1525 1046 1618 potitus

186 1625 286 1722 Lege
303 1625 400 1699 dedit
417 1621 596 1719 pascham,
628 1626 784 1722 gaudens
801 1640 907 1717 atque
922 1625 1083 1697 immolat
1097 1643 1252 1724 agnumr

185 1715 238 1798 Et
250 1725 374 1817 reliqui
391 1727 508 1822 magni
524 1725 641 1821 Reges
651 1747 670 1819 ,·
689 1724 865 1818 sanctique
880 1723 1081 1820 prophete,

185 1823 277 1898 Non
295 1827 502 1922 ignorantes
521 1841 626 1898 certae
641 1823 803 1918 promissa
819 1822 951 1916 salutis,

185 1923 442 2020 Ingentemque
455 1939 555 1998 metu
570 1927 685 2018 pleni,
711 1921 960 1997 transcendere
976 1923 1107 2020 legem,

186 2023 389 2097 Venturam
406 2023 544 2096 summe
558 2027 704 2096 virtutis
718 2024 870 2121 imagine
882 2023 1029 2116 molem,

183 2119 377 2214 Inspeetam
395 2145 415 2195 e
435 2123 577 2223 speculo
598 2125 825 2196 celebrarunt
841 2121 969 2196 ordine
985 2121 1161 2214 pascham.

113 2267 114 2278 ι
182 2219 352 2312 Denique
366 2221 391 2295 sr
407 2223 513 2296 celeri
531 2223 725 2330 primordia
740 2235 861 2296 mente
878 2239 1053 2316 recurras,
1112 2237 1141 2279 τ
1208 2267 1214 2284 ·

183 2319 353 2395 Invenies
368 2321 505 2394 funesta
520 2323 645 2415 nimis,
671 2321 753 2419 post
768 2322 874 2415 impia
889 2321 1020 2394 verba:

184 2419 384 2514 Credulus,
409 2423 480 2496 heu
495 2422 600 2496 facile
619 2424 772 2496 nudatus
788 2435 825 2495 te
849 2421 943 2494 mine
959 2421 1059 2514 vita,

120 2535 127 2550 ·
182 2519 340 2594 Pellibus
356 2535 399 2594 ιιι
415 2533 600 2618 tegeretur
618 2523 754 2615 horno,
780 2445 998 2614 suffunditur
1013 2539 1139 2617 agnus,

182 2617 265 2692 Aut
284 2633 433 2715 peccata
450 2635 576 2714 necat,
602 2631 664 2694 aut
682 2621 847 2718 sanguine
862 2619 990 2696 funera
1011 2619 1122 2712 delet,

182 2717 264 2794 Aut
281 2720 422 2810 coperit
442 2721 577 2800 nudos,
602 2719 710 2794 fovet
729 2736 791 2794 aut
805 2719 868 2792 suo
887 2719 1023 2792 vellere
1039 2722 1191 2796 vulnus.

182 2813 275 2892 Non
292 2821 434 2912 pecoris
451 2818 586 2916 sanguis
601 2821 758 2895 humano
773 2819 940 2916 sanguine
959 2819 1085 2914 pruris,
1131 2893 1133 2901 ,

182 2915 239 2989 Ut
258 2939 325 3010 pto
344 2921 499 3008 peccatis
516 2921 659 2994 oblatus
679 2921 819 2994 dirimat
833 2922 933 3012 iram,

181 3013 264 3093 Aut
279 3019 398 3088 multae
412 3017 548 3112 plebis,
570 3021 686 3092 veluti
702 3019 726 3094 ir
744 3021 861 3090 carior
877 3037 998 3116 agnus.

181 3112 367 3214 Auxilium
386 3117 556 3211 immane,
583 3132 691 3192 tantae
706 3121 819 3191 tutela
834 3115 965 3196 salutis,

184 3213 339 3288 Oblatus
359 3219 480 3308 potuit
495 3219 649 3310 pretium
666 3215 746 3291 satis
763 3215 831 3290 effe
843 3217 1064 3310 'redemptis;
1136 3249 1138 3252 ·
1190 3249 1197 3284 ι

181 3309 237 3384 At
250 3315 349 3388 Deus
366 3317 621 3408 omnipotens,
646 3317 724 3388 coeli
743 3331 917 3408 terraeque
936 3329 1093 3410 creator,

181 3409 395 3502 immensus,
423 3415 554 3507 vivus,
579 3415 778 3508 perfectus,
804 3417 886 3488 luce
901 3413 1080 3508 perennis,
1210 3444 1214 3452 ·

92 3579 94 3586 Α
182 3509 249 3584 His
266 3531 341 3582 non
361 3515 538 3606 placatur,
564 3513 742 3606 pecudum
759 3534 878 3607 neque
895 3515 1060 3612 sanguine
1074 3514 1232 3610 gaudet.

182 3606 314 3683 Omnia
332 3611 529 3684 mactentur
545 3633 699 3706 pecora,
725 3635 811 3710 grex
829 3615 952 3688 omnis
961 3617 998 3690 in
1015 3635 1104 3685 arasw
1275 3613 1280 3616 ’

180 3703 398 3800 Decremet,
425 3723 465 3781 ut
481 3713 623 3785 veniam
641 3715 703 3786 vel
721 3716 861 3806 peccati
882 3715 1004 3808 expiet
1023 3733 1129 3808 unus,
1241 3711 1246 3719 “

178 3799 414 3911 Nequaquam
431 3807 585 3886 Domini
598 3809 734 3912 sapiens
750 3811 1066 3912 macutanfigaua,
1097 3907 1135 3986 Τ

123 3923 129 3940 ’
1135 3933 1202 3991 am
