2634 4336
326 171 829 277 wienorne
971 211 1148 293 -na

95 351 268 433 fletuum
299 349 469 454 (inquit)
492 355 663 434 immundi
687 323 933 450 nascerentur,
968 351 1062 450 quen
1089 353 1151 432 de

94 457 251 554 signatos
265 471 384 532 nmen
400 453 590 548 saeodtitati,
616 478 659 532 ac
671 475 736 552 per
749 457 822 532 hoc
838 459 943 532 etiam
956 453 1077 551 saluti,
1097 450 1150 538 lo·
1309 489 1310 540 l

95 557 210 654 telligi
234 557 363 630 volens
387 551 543 634 fidelium
566 551 680 630 filios:
712 569 754 630 ut
777 557 880 650 hujus
904 555 976 650 spei
997 555 1152 652 pignora

93 657 332 732 matrimoniis
344 675 419 748 quaa
432 653 619 730 retinenda
631 653 814 752 censuerat
825 657 1150 750 patrocinarentur.

94 755 275 848 Alioquin
288 754 496 832 meminerat
507 753 709 832 Dominicae
721 751 967 850 definitionis,
993 755 1067 852 Μή
1078 759 1152 854 pair·

94 857 247 946 nodatur
261 881 301 928 ear
315 881 395 955 aqva
408 853 451 931 di
457 856 597 951 spiritu,
621 881 689 928 raon
702 859 850 930 introibit
867 880 905 928 m
922 877 1048 950 regnum
1071 857 1150 952 Dei,

92 959 133 1030 ἑά
148 957 187 1056 cll
202 979 267 1028 mn
285 962 349 1028 erit
359 951 496 1043 fetidius.
1178 1007 1181 1014 .

173 1078 232 1146 40·
258 1053 314 1128 lta
332 1053 448 1128 omnia
470 1049 584 1130 anima
605 1073 766 1150 eousque
781 1055 818 1130 in
834 1049 951 1130 Adam
971 1049 1150 1148 censetm,

17 1168 22 1179 ·
96 1151 220 1230 donec
230 1153 267 1228 in
278 1151 418 1230 Christo
431 1151 673 1230 recenseatur:
686 1154 820 1230 tamdiu
831 1153 1022 1245 immunda,
1034 1175 1154 1247 quam-

96 1253 163 1328 diu
185 1251 420 1329 recenseatur.
480 1253 665 1330 Peccatrix
692 1267 835 1342 autem,
868 1253 951 1347 quia
974 1253 1155 1328 immunda

94 1353 277 1448 recipiens
295 1354 522 1451 ignominiam
538 1375 583 1430 ex
607 1354 721 1428 carnia
741 1353 924 1430 socictate.
975 1351 1070 1428 Nam
1089 1353 1154 1430 etsi

99 1473 189 1530 caro
211 1453 423 1547 peccatrix,
454 1450 644 1530 secundum
669 1475 773 1548 quarn
793 1452 962 1528 incedere
984 1449 1155 1548 prohibe·

96 1573 204 1640 mum
223 1553 324 1645 cuine
336 1573 447 1650 opera
463 1553 673 1628 damnantur
689 1551 971 1646 concupiscentia
987 1547 1154 1632 adversae

98 1651 284 1750 spiritum,
315 1653 366 1726 ob
387 1671 491 1744 quem
514 1653 672 1728 carnalea
694 1665 869 1728 notantur
886 1652 1050 1746 infamia,
1076 1669 1155 1724 non

96 1767 220 1828 umen
233 1749 297 1826 suo
312 1754 459 1828 nomine
473 1769 559 1826 caro
574 1751 724 1828 infamis.
757 1751 887 1844 Neque
900 1753 994 1826 enim
1010 1752 1055 1824 de
1070 1769 1158 1844 prot

98 1855 186 1948 prio
211 1848 299 1945 sapit
320 1850 427 1942 quid,
453 1865 516 1926 aut
534 1850 659 1946 sentit,
686 1852 729 1926 ad
747 1849 955 1926 suadendam
970 1852 1031 1928 vel
1047 1852 1156 1944 impc-
1261 1833 1273 1860 ’“

65 1975 69 1981 ·
96 1951 249 2026 rendam
269 1951 506 2044 peccatelamr
538 1951 659 2044 quidni
678 1973 755 2046 qua
776 1949 1001 2026 ministerium
1018 1945 1094 2024 esti
1121 1949 1183 2030 &f

96 2047 350 2143 ministerium,
375 2071 450 2124 noo
465 2051 568 2144 quale
585 2048 707 2126 servae
723 2053 784 2128 vel
799 2051 917 2126 minor
931 2051 1063 2126 amicus
1084 2049 1155 2122 ani·
1239 2041 1244 2060 ’

99 2150 204 2230 malis
217 2149 382 2242 nomine,
399 2148 458 2226 sed
471 2153 574 2244 quale
588 2151 680 2226 calix
697 2151 758 2226 vel
774 2149 856 2244 quid
872 2149 965 2224 aliud
979 2145 1156 2244 ejusmodi

100 2269 259 2342 cornua,
275 2271 350 2326 non
365 2251 489 2326 anima.
539 2249 683 2328 Nam&
699 2251 789 2324 calix
803 2248 1031 2324 ministerium
1041 2249 1159 2326 licien·

52 2360 59 2373 ·
98 2351 150 2424 tia
167 2348 237 2438 οὓς
262 2349 325 2423 nist
342 2363 461 2426 tamen
475 2349 533 2442 qui
550 2349 643 2443 srtit,
669 2349 817 2426 calicem
831 2349 893 2422 libi
909 2349 1157 2424 accommoda·

100 2452 177 2541 rit,
208 2449 297 2524 nihil
316 2449 407 2522 calix
426 2447 645 2525 ministrabit
707 2449 814 2522 Adeo
837 2451 933 2524 nulla
954 2448 1156 2542 proprietas
1269 2445 1273 2466 '

99 2548 259 2626 hominis
277 2549 313 2622 in
333 2547 487 2638 choico,
511 2567 580 2622 nec
601 2549 651 2622 ita
668 2567 754 2622 caro
770 2547 885 2624 homo
906 2562 1072 2640 tanquam
1091 2545 1159 2622 alit

103 2651 163 2722 vie
179 2648 321 2740 animae,
345 2645 462 2722 &alia
480 2645 653 2742 persona,
679 2643 737 2721 sed
750 2667 808 2724 rea
824 2643 875 2722 est
891 2645 1034 2722 alteriue
1051 2647 1158 2740 plane

100 2743 322 2838 substantia,
337 2745 370 2820 ἀ
383 2747 526 2821 alteriue
540 2748 782 2838 conditionis,
802 2745 936 2822 additia
950 2759 1070 2822 tamen
1085 2743 1158 2818 ani·

101 2867 172 2926 mae
193 2861 235 2920 ut
258 2843 460 2940 suppellex,
491 2859 534 2919 ut
550 2845 820 2923 instrumentum
837 2847 875 2920 in
898 2843 1039 2922 officina
1060 2846 1159 2924 vite.

104 2943 204 3020 Ceto
218 2945 326 3042 igitur
345 2945 549 3039 increpatur
564 2949 601 3020 in
618 2943 818 3040 scripturis,
843 2948 925 3037 quia
937 2945 1026 3020 nihil
1045 2943 1160 3018 anima
1304 2967 1306 2980 ¹

101 3045 180 3124 line
198 3063 306 3120 carne
318 3047 354 3118 in
374 3047 586 3137 operatione
600 3045 776 3139 librdrma,
800 3047 907 3144 gula,
933 3045 1159 3134 vinolentia,

102 3141 269 3238 sevitie,
294 3144 533 3238 idololatriae,
559 3147 761 3238 ceterisque
777 3143 974 3220 conalibus
990 3161 1066 3217 non
1085 3139 1161 3215 seo·

102 3245 226 3338 sthur,
263 3239 321 3320 sed
349 3239 545 3320 effediibur.
592 3243 765 3336 Denique
792 3240 908 3318 sensua
935 3239 1160 3334 delidlorum‚

102 3343 213 3420 etiam
228 3341 300 3418 stne
313 3339 499 3416 effectibus
514 3343 680 3439 imputari
694 3341 809 3420 solent
825 3343 959 3418 anima.
1012 3339 1086 3442 Qui
1104 3337 1160 3414 vi·

104 3443 201 3520 derit
221 3444 407 3518 mulierem
425 3443 469 3516 ad
489 3441 835 3538 concupiscentiam,
858 3443 929 3536 jam
944 3439 1161 3520 adulteravit

102 3545 145 3620 in
162 3541 283 3616 corde.
335 3540 506 3616 Ceterum
522 3541 608 3636 quid
621 3561 706 3618 caro
719 3541 791 3618 line
806 3541 939 3634 anima,
963 3538 1111 3636 perinde
1123 3540 1162 3614 in

104 3639 550 3818 ⁰-¹'²“lll‡0⁹‘lll²‘ll’
581 3637 1164 3816 llll’iltllllalllll

104 3757 260 3940 ffiprie
281 3761 498 3938 reilgioni,
523 3787 721 4018 ei⁹cr¹inbrina
744 3831 937 3942 adpingaai
962 3836 1022 3914 sed
1036 3857 1083 4010 {a
1099 3851 1165 3928 per
1304 3935 1306 3944 ,

36 3977 47 3991 “
685 3957 708 4032 5
1013 3955 1117 4030 ‘lim
