2540 4334
149 205 220 266 ποι
263 177 1064 288 ‘Q.Fnor.Sn'rr.Trrruttrnrr1
1114 185 1118 200 '¹
1179 195 1191 206 ·
1233 193 1262 228 w

147 347 287 441 inquit,
313 371 346 418 rs
365 369 403 417 ex
418 339 638 436 offidarmeis,
665 341 705 422 di
719 369 791 416 earo
804 369 843 416 rx
859 369 953 415 carne
967 367 1035 416 ntea
1051 337 1223 412 vocamur

26 480 29 489 ·
147 449 275 523 mulier.
327 445 425 520 Hinc
445 464 532 542 ergo
549 447 660 524 tacita
675 445 894 520 conscientia
911 457 1058 528 nature,
1078 441 1155 534 ipsa
1169 439 1224 512 di-
1261 461 1262 466 ‘

148 549 283 624 vinitas
298 545 421 620 auimae
437 545 473 617 in
493 543 594 619 usum
613 545 783 621 sermonis
802 547 947 638 eduxit,
973 541 1221 618 nescientibus

77 717 85 744 ,
147 646 376 732 bominibus3
403 643 493 718 ficut
508 643 543 720 δι
558 646 625 720 alia
636 647 767 740 multa,
795 669 873 739 quae
888 667 934 718 ex
952 643 1127 736 scriptura
1139 637 1223 714 fieri

148 749 187 824 dt
200 745 271 818 dici
289 743 407 820 solere
422 745 505 818 alibi
524 747 723 838 poterimus
744 745 954 838 ostendere,
980 745 1034 816 uti
1048 742 1221 818 mulieres
1259 767 1262 780 ⁴

40 913 42 918 ,
141 845 289 934 ‘nostres
324 844 480 918 dicamne
513 865 676 936 uxores;
712 867 921 939 quamquam
954 841 1223 936 &improprie

150 946 310 1040 quedam
330 943 528 1036 loquamur.
550 991 555 1001 -
579 945 676 1020 Nam
698 947 733 1020 δι
757 946 894 1040 Greci,
927 945 987 1036 qui
1009 943 1121 1038 magis
1152 963 1223 1012 vo-

150 1047 282 1124 cabulo
303 1045 459 1120 mulieris
481 1044 518 1118 in
542 1065 661 1119 uxore
682 1059 854 1136 utuntur,
871 1047 956 1119 ralia
975 1045 1112 1118 habent
1134 1061 1224 1136 pro·

149 1145 228 1244 prin
262 1146 444 1218 vocabula
473 1147 609 1221 uxoris.
678 1145 751 1220 Sed
781 1148 877 1220 malo
907 1146 1004 1218 hunc
1037 1141 1141 1216 usum
1178 1140 1225 1215 ad

150 1245 333 1337 scripture
354 1243 595 1318 testimonium
619 1245 803 1340 deputare.
861 1245 935 1318 Ubi
963 1246 1057 1318 enim
1081 1243 1160 1314 duo
1185 1243 1226 1318 in

149 1363 259 1422 unam
276 1343 646 1439 carnemefficiuntur,
659 1367 725 1441 per
736 1344 952 1422 matrimonii
966 1363 1112 1434 nexum,
1131 1361 1224 1414 cero

150 1467 198 1522 ex
219 1444 382 1518 carne&
405 1465 449 1516 os
472 1466 517 1518 ex
540 1447 669 1522 onibus
691 1461 870 1540 vocanti,
898 1443 1090 1518 secundum
1110 1443 1227 1540 origi·

149 1567 235 1622 nem
252 1546 379 1619 mulier
395 1545 497 1639 ejus,
531 1567 577 1620 ex
598 1548 698 1640 quus
722 1545 911 1620 substantia
932 1543 1059 1638 incipit
1082 1541 1226 1617 censeri
1260 1599 1262 1650 4

88 1681 91 1694 ·
149 1643 365 1724 fanauxor.
425 1645 481 1718 lta
501 1647 629 1721 mulier
651 1664 728 1722 non
750 1659 878 1720 natura
899 1643 1105 1720 nomenest
1126 1661 1262 1744 uxot

149 1748 221 1838 ris,
248 1741 307 1817 sed
328 1763 423 1818 uxor
442 1745 654 1821 conditione
668 1767 804 1822 nomen
822 1746 873 1818 est
888 1744 1056 1820 mulieris.
1105 1743 1227 1818 Deni·
1261 1755 1262 1840 ζ

145 1863 225 1956 que
244 1847 371 1920 mulier
392 1844 427 1918 δι
445 1863 523 1918 non
539 1867 635 1918 uxor
660 1847 730 1920 dici
749 1845 887 1941 potest3
913 1867 990 1920 non
1010 1843 1141 1920 mulier
1163 1863 1228 1918 rur·

147 1958 248 2036 tem,
274 1965 370 2017 uxor
392 1944 461 2024 dici
480 1965 558 2041 non
576 1945 724 2040 potest3
758 1948 838 2038 quia
857 1967 926 2022 nec
943 1944 1023 2020 erre.
1080 1939 1228 2018 Consti·
1261 1999 1262 2018 r

149 2056 238 2120 tuto
262 2043 369 2138 igitur
389 2044 536 2118 nomine
558 2065 668 2118 nove
691 2045 863 2136 femine,
890 2043 989 2138 quod
1011 2043 1062 2118 est
1077 2044 1227 2140 mulier,
1260 2033 1262 2066 ‘

118 2207 119 2210 i
153 2143 190 2220 n
211 2145 385 2236 explicito
407 2144 505 2236 quod
521 2143 618 2239 prins
639 2143 728 2238 fuit,
753 2145 790 2221 id
807 2143 857 2222 est
871 2145 1017 2219 nomine
1032 2143 1225 2240 asignato:
1261 2153 1262 2186 ³

153 2245 342 2318 convertit
356 2244 427 2336 J'am
446 2245 490 2318 ud
504 2245 757 2339 Propheticam
774 2247 970 2338 rationem,
998 2243 1051 2315 uti
1064 2243 1225 2318 diceret:
1261 2259 1262 2320 ξ

18 2405 25 2422 ,
103 2347 128 2418 ’.
154 2358 309 2440 propter
342 2344 436 2418 hanc
465 2346 644 2438 relinquet
674 2347 787 2420 homo
818 2359 956 2441 patrem
992 2342 1224 2421 &matrem

150 2441 263 2518 Adeo
290 2441 488 2536 separatum
518 2445 569 2520 est
589 2467 726 2521 nomen
748 2467 768 2520 a
788 2443 1013 2539 Prophetia‚
1048 2461 1226 2537 quantun
1261 2513 1262 2546 ³

153 2543 190 2619 dt
205 2545 249 2616 ab
261 2541 333 2637 ipsa
346 2543 515 2638 persona,
541 2558 672 2620 utnon
689 2547 815 2639 utique
830 2545 874 2620 de
890 2543 963 2640 ipsa
980 2543 1062 2618 Eva
1073 2543 1225 2638 dixerit,
1260 2563 1262 2624 t

38 2707 42 2712 .
149 2641 214 2720 'sed
232 2644 269 2716 in
286 2645 362 2716 illas
382 2641 723 2740 feminasvfuturas,
750 2667 835 2738 ques
853 2647 891 2720 in
909 2647 1058 2718 metrice
1080 2647 1225 2739 generis

150 2743 328 2820 feminini
347 2745 552 2820 nominarit.
573 2798 576 2813 ι
605 2747 779 2840 Alioquin
798 2767 875 2820 non
896 2743 1014 2820 Adam
1033 2743 1226 2818 relittunrr

147 2844 234 2918 'erat
249 2857 388 2937 patrem
408 2843 627 2941 inmanem,
655 2863 747 2938 quor
768 2867 845 2920 non
867 2847 1042 2936 habebat,
1067 2857 1226 2939 propter

151 2939 282 3022 Evam.
339 2941 441 3039 Ergo
460 2965 539 3019 non
562 2947 607 3020 ed
629 2945 746 3020 Evam
770 2947 949 3044 pertinet,
983 2944 1066 3042 quia
1083 2930 1158 3018 ricc
1184 2943 1227 3018 ad

152 3039 293 3138 Adam,
319 3045 419 3135 qnod
440 3047 656 3142 prophetice
673 3046 803 3122 dictum
821 3045 881 3122 est.
933 3046 993 3118 De
1009 3047 1228 3118 maritorum
1261 3139 1262 3146 Ν

107 3223 110 3228 ,
150 3143 249 3219 enim
264 3143 478 3219 conditione
493 3147 717 3240 predictum,
745 3148 804 3238 qui
820 3148 868 3220 ob
889 3145 1076 3220 mulierem
1096 3165 1227 3235 paren-
1261 3151 1262 3166 ¹

152 3253 211 3330 tes
232 3242 313 3318 suos
341 3257 444 3320 erant
464 3247 642 3342 retium,
676 3245 776 3342 quod
795 3245 833 3320 in
852 3241 969 3320 Evam
993 3244 1123 3317 cadere
1148 3263 1228 3318 non

152 3343 306 3438 potuit,
339 3345 422 3438 quia
441 3347 565 3422 necin
583 3345 712 3423 Adam.
764 3343 800 3419 Si
818 3344 881 3418 ista
897 3366 955 3418 res
973 3341 1046 3436 est,
1074 3355 1229 3438 appetet

98 3535 106 3546 ἱ
153 3455 232 3518 non
253 3457 407 3539 propter
425 3445 606 3542 futurum,
631 3447 817 3522 mulierem
838 3439 1155 3540 cognominatam,
1183 3443 1230 3518 ad

155 3561 262 3636 quam
283 3543 445 3640 futurum
469 3565 546 3620 non
571 3547 787 3639 pertinebat.
844 3541 903 3620 Eo
928 3543 1089 3636 accedit,
1126 3542 1231 3638 quod

18 3655 34 3728 J
151 3639 228 3735 ipse
243 3645 423 3720 rationem
436 3645 512 3736 ejus
529 3647 684 3722 nominis
699 3645 820 3723 edidit.
872 3643 962 3718 Cum
975 3642 1070 3718 enim
1085 3643 1231 3718 dirciffet

153 3745 352 3820 vocabitur
370 3745 519 3837 mulier,
546 3749 716 3839 quoniam
740 3759 786 3820 ex
805 3744 890 3816 viro
910 3741 974 3815 suo
1001 3739 1143 3838 sumpta
1164 3743 1232 3836 est,

148 3839 191 3923 n
204 3841 282 3942 ipso
296 3841 414 3926 adhuc
427 3845 580 3946 virgine.
630 3845 701 3925 Sed
716 3845 872 3922 ditemus
888 3840 981 3918 &de
995 3841 1233 4018 virinrstmine

1125 3961 1180 4016 uo
