2540 4334
114 204 178 283 'ne
202 199 616 283 Exuonunrrone
642 193 971 280 Castrensis.
1011 202 1076 278 i21

15 365 209 462 ostendat,
243 367 342 458 qnod
360 367 485 440 melius
508 363 559 439 est
576 385 705 460 poena,
738 364 837 458 quod
861 387 937 442 non
960 361 1082 457 potest

15 467 133 542 videri
147 469 313 562 bonum,
339 467 400 540 nifi
416 465 560 560 pesfimo
574 477 838 558 comparatum,
861 465 1000 540 ntideo
1016 465 1083 538 bo·
1205 503 1210 523 ·

15 589 103 643 num
125 565 170 642 iit
191 568 325 652 nubae,
360 567 440 658 quia
460 565 616 639 deterius
639 564 689 638 est
709 569 823 636 ardere.
876 565 1017 639 Bonum
1031 568 1083 638 ita

15 667 89 761 est,
120 665 148 742 fi
167 687 231 762 per
249 665 284 740 sc
299 687 435 742 nomen
448 667 522 740 hoc
541 666 685 738 obtinet
699 665 772 738 fine
790 667 1084 760 comparatione3

15 785 96 840 non
114 767 197 840 dico
211 767 314 860 maii,
341 765 398 840 sed
416 767 521 840 etiam
537 765 624 840 boni
643 765 804 838 alterius:
829 779 870 838 ut
889 765 960 842 &st
978 765 1082 838 bono

15 868 77 944 aiii
94 883 343 964 comparatur,
369 867 403 940 δι
420 867 463 938 ab
480 867 550 938 alio
565 863 814 958 adumbratur,
840 865 952 940 nihilo
965 865 1082 962 minus

15 975 204 1044 remaneat
221 965 257 1040 id
272 967 362 1040 boni
376 965 543 1041 nominis.
596 963 772 1038 Caeterum
790 965 893 1060 siper
908 965 990 1038 maii
1009 967 1084 1038 coi·

15 1069 192 1145 lationem
215 1067 357 1162 cogitur
382 1066 471 1139 diei:
503 1087 579 1140 non
597 1079 669 1138 tam
686 1067 825 1139 bonum
841 1065 892 1138 est
908 1077 1011 1157 quam
1026 1087 1084 1162 ge·

15 1187 87 1244 nus
105 1167 187 1240 maii
205 1165 405 1258 inferioris,
433 1165 572 1258 quoda
595 1163 776 1260 superiore
802 1167 897 1240 maio
920 1161 1087 1237 obscura.

15 1281 100 1342 tum
125 1265 318 1340 adnomen
336 1265 655 1360 boniimpeilitur3
686 1265 941 1357 auferendique
961 1261 1084 1337 didio:

15 1385 105 1444 nem
130 1365 435 1460 comparationis:
477 1379 616 1438 utnon
637 1365 754 1460 dicas,
780 1363 890 1437 melius
911 1365 950 1464 efl
969 1363 1087 1436 niden

15 1489 119 1566 quam
143 1470 213 1537 uri:
249 1465 283 1538 dt
305 1485 426 1556 quaero
447 1488 490 1538 an
512 1465 633 1540 dicere
651 1465 806 1554 audeas,
839 1465 951 1538 meiius
969 1465 1089 1636 espau-

15 1571 113 1658 bere,
131 1583 207 1640 non
223 1565 392 1658 adjiciens
408 1565 491 1657 quid
509 1565 552 1638 stt
571 1565 607 1637 id
631 1587 704 1658 quo
730 1565 855 1639 melius
874 1565 935 1640 est.
1018 1585 1089 1682 rgo

15 1663 126 1762 quod
141 1687 218 1740 non
237 1666 386 1759 melius,
412 1667 538 1758 utique
553 1687 624 1738 nec
640 1668 796 1758 bonum,
823 1667 904 1758 quia
921 1663 1087 1740 abstuirsti

15 1768 58 1844 δι
74 1763 263 1841 removisti
280 1764 473 1839 dictionem
487 1765 765 1858 comparationis
778 1785 856 1857 quse
870 1765 953 1839 dum
962 1768 1089 1840 melius

15 1866 115 1945 illud
135 1863 223 1940 facit
244 1865 295 1938 ita
313 1866 472 1957 bonum,
504 1865 555 1936 ita
576 1866 709 1938 habere
733 1867 844 1961 cogit.
897 1868 1017 1936 Melius
1039 1863 1090 1942 est
1130 1944 1132 1950 ,

15 1967 144 2041 nubere
162 1989 256 2063 quam
275 1967 329 2034 uri
343 1963 391 2038 stc
410 1963 656 2058 accipiendum
672 1963 742 2058 est,
770 1987 811 2038 ac
828 1963 852 2050 st
872 1965 998 2040 melius
1012 1981 1092 2040 uno

16 2068 142 2142 ‘oculo
156 2085 259 2158 quam
277 2065 417 2138 duobus
436 2083 577 2154 carere3
603 2063 763 2138 fitamen
782 2087 802 2138 a
817 2066 1089 2162 comparatione

18 2165 207 2258 discedas,
232 2185 310 2238 non
323 2165 392 2237 erit
409 2165 533 2238 melius
549 2183 660 2238 unum
680 2168 826 2240 oculum
843 2185 921 2238 non
942 2165 1090 2258 habere,
1208 2197 1213 2205 ·

16 2289 136 2360 quam
157 2265 191 2338 ἃ
209 2266 358 2339 bonum.
420 2261 543 2337 Nemo
560 2264 669 2360 igitur
687 2278 808 2357 captet
831 2285 877 2337 ex
899 2265 973 2338 hoc
997 2264 1091 2359 oapi·-

23 2369 112 2440 tulo
129 2363 389 2456 defensionem,
417 2363 516 2454 quod
532 2363 679 2456 proprie
698 2365 740 2436 ad
757 2377 892 2458 nuptos
912 2364 945 2438 ἀ
965 2365 1091 2438 viduas

20 2463 192 2562 spectat,
225 2465 352 2556 quibus
377 2464 475 2536 nulla
499 2461 615 2536 adhuc
639 2463 849 2557 conjundtio
872 2475 1091 2540 numeratur.

23 2569 247 2668 Quanquam
277 2561 493 2636 ostenderim
520 2561 627 2636 etiam
650 2563 718 2637 iliis
744 2563 997 2638 numerandam
1023 2561 1094 2639 ess‘e

21 2663 456 2762 pemtifficonditionem.
554 2727 555 2730 a
705 2764 715 2782 ι
806 2765 814 2782 υ
887 2679 948 2780 ’1

23 2761 351 2986 ,sarran
367 2759 1030 2984 granianaaaanut
1043 2777 1097 2978 a

23 2963 1098 3158 a‘taaaaasmrrn:assuantur

15 3185 111 3245 ¹non
133 3164 179 3237 de
198 3163 325 3236 diuino
338 3177 523 3260 precepto
538 3165 749 3240 introducit.
799 3161 958 3241 Multum
978 3175 1097 3238 autern
1226 3169 1228 3174 ’

23 3261 185 3344 interest
207 3264 303 3339 inter
321 3263 395 3337 Dei
418 3278 636 3360 preceptum
662 3266 696 3339 u
719 3263 903 3340 consilium
927 3261 1096 3339 hominis.

31 3371 226 3462 Praeceptum
238 3368 321 3454 uei,
338 3365 477 3460 inquit,
496 3367 680 3453 muhabeo,
700 3366 753 3457 sed
769 3365 928 3455 confilium
940 3365 995 3441 do,
1012 3363 1100 3461 purifi
1179 3408 1184 3420 ι

27 3467 278 3557 misericordium
296 3465 470 3550 consecutus
485 3467 594 3556 fidelis
615 3467 691 3556 effe,
725 3465 893 3558 quoniam
917 3481 1035 3556 neque
1061 3463 1098 3538 in

25 3563 239 3663 Evangelio
262 3585 382 3658 neque
403 3563 509 3662 ipsius
530 3565 629 3640 Pauli
650 3565 820 3659 Epistoiis
843 3585 889 3636 ex
914 3577 1097 3659 precepto

26 3668 107 3746 Dei
135 3665 328 3758 invenias,
362 3661 559 3758 permissam
585 3661 802 3742 matrimonii
827 3661 1098 3758 separationem.

27 3765 269 3842 Undemrum
283 3761 487 3840 habendum
501 3763 753 3858 confirmatur,
781 3763 862 3856 quia
883 3763 1018 3862 quoda
1037 3762 1101 3836 do-

31 3869 139 3948 miuo
156 3863 359 3964 percussum
374 3883 452 3942 non
471 3863 681 3964 invenitur,
712 3863 747 3941 id
766 3863 971 3964 agnoscitur
993 3863 1101 3936 inter-

527 3959 1187 4080 nsyuaum*
