2634 4336
533 195 896 304 ueneror„
1172 231 1209 318 si

154 460 158 469 .
181 388 272 466 dure
284 383 550 482 mediatione
562 385 766 464 sollicitudo
783 385 868 463 fidei
886 383 1082 480 probetur,
1107 379 1209 482 sempr

126 566 134 577 ,
180 491 282 566 diem
302 486 526 581 observans,
559 488 641 564 dum
664 487 732 562 sem
821 489 986 584 ignorat3
1021 483 1209 582 quoddiel

108 613 111 652 l
183 609 313 681 meus,
340 587 436 680 quod
459 588 620 680 quotidie
641 583 740 682 spera
861 620 863 628 ’

145 735 151 750 ·
267 705 323 780 34.
349 685 460 762 Nrdla
477 687 617 778 quidem
636 688 680 760 ad
697 687 909 762 hodiernum
924 685 1108 760 dementire
1125 685 1209 779 huJ'u

148 791 157 817 ⁸
183 787 288 868 modi
304 786 478 862 sententia
494 787 611 882 erupit
626 783 687 860 sub
704 789 851 860 nomine
867 787 1058 878 heretico,
1084 807 1161 878 quae
1180 785 1209 859 hl

108 881 115 950 Ρ
183 906 310 964 manes
324 887 454 960 animas
469 883 619 980 refingat
631 887 668 958 in
685 883 821 961 bestias.
864 886 934 960 Sed
949 883 1138 974 necessarie
1151 886 1209 957 hen

124 984 128 993 '
175 1005 337 1080 ‘quoque
355 981 507 1080 speciem
527 985 760 1059 intulimus&
779 984 1009 1080 exclusimusb
1030 1000 1071 1056 ut
1089 983 1209 1077 superis

185 1089 288 1162 ribus
315 1085 585 1177 coherentem,
619 1105 691 1176 quo
713 1085 861 1178 perinde
888 1085 926 1156 in
954 1105 1052 1178 pavo
1079 1083 1208 1156 tunder

185 1200 251 1260 rur
267 1185 469 1278 Homerus,
494 1184 583 1258 srcut
602 1185 639 1258 in
656 1183 860 1281 Pythagora
874 1181 1112 1276 Euphorbus:
1138 1197 1209 1274 atqr

186 1286 242 1360 ita
264 1286 331 1358 hac
351 1286 457 1357 etiem
480 1281 774 1378 metempsychosi
795 1282 868 1358 five
886 1281 1209 1362 metensomatosis

186 1381 367 1481 percursa,
403 1383 462 1458 illa
482 1379 598 1456 rursus
614 1383 810 1457 cederetur
830 1403 907 1475 quae
921 1381 1053 1474 aliquid
1071 1382 1209 1456 haeretic

187 1481 475 1563 subndnistrevie
541 1481 637 1559 Nam
662 1481 843 1556 &Simon
872 1479 1059 1556 Samarites
1090 1481 1129 1554 in
1161 1477 1209 1552 adl

187 1581 454 1675 Apostolorum
477 1581 686 1677 redemptor
705 1579 844 1674 spiritus
865 1577 992 1672 seneli,
1017 1578 1209 1675 posteaqua

186 1683 376 1756 damnatus
394 1684 438 1754 ab
460 1679 537 1775 ipso
557 1701 637 1754 cum
655 1679 898 1773 pecuniosus,
924 1681 961 1754 in
976 1680 1157 1754 interitum
1174 1677 1207 1750 fr

187 1779 260 1858 stre
288 1779 415 1872 flevit,
450 1777 645 1854 conversus
673 1779 718 1852 sd
742 1779 903 1854 veritatis
929 1779 1209 1878 expugnationer

190 1879 286 1972 quasi
299 1899 368 1972 pro
384 1877 512 1952 solatio
533 1879 707 1972 ultionis‚.
726 1878 837 1952 fultus
858 1881 964 1954 etiam
980 1881 1063 1951 artis
1080 1875 1149 1950 suae
1162 1876 1209 1948 vir

184 1980 279 2069 bus,
302 1979 345 2052 ed
358 1977 545 2076 prestigias
561 1979 705 2052 virtutis
721 1979 867 2072 alicujus
884 1977 1061 2052 Helenam·
1074 1975 1209 2070 quanda

191 2075 343 2174 Tyriam
365 2077 513 2153 deloco
534 2077 687 2152 lrbrdmrs
712 2080 863 2172 publice
881 2077 1003 2152 eadem
1022 2076 1209 2174 pecuniar

190 2179 323 2268 demin
350 2175 489 2273 dignam
510 2179 569 2251 srbi
589 2177 788 2252 mercedem
810 2199 877 2271 pro
896 2177 1016 2270 spiritu
1036 2175 1179 2248 sanilo:

191 2275 228 2354 ie
244 2275 384 2370 quidem
400 2273 501 2373 lingit
511 2275 679 2353 lirmmum
694 2293 850 2370 patrem,
870 2277 965 2350 illem
979 2297 1072 2348 vero
1088 2271 1206 2366 injeui

190 2397 275 2454 nem
291 2375 387 2451 suam
401 2377 577 2469 primam,
610 2397 679 2468 qua
694 2377 867 2468 iniecerat
887 2375 1031 2470 angelos
1046 2373 1085 2448 dc
1104 2374 1209 2446 archa

190 2477 295 2574 gelos
322 2475 502 2549 condere:
536 2475 639 2566 hujus
660 2497 736 2548 eam
758 2475 932 2568 proposrti
959 2487 1166 2568 compotem
1188 2495 1209 2544 e

191 2567 302 2652 nnuc·
314 2575 359 2648 de
379 2588 501 2668 petre,
527 2575 563 2648 u
579 2575 616 2646 in
635 2573 805 2648 inferiore
824 2571 1023 2646 desultall'e:
1050 2585 1156 2663 atque
1175 2571 1209 2644 ill

108 2769 109 2772 Ν
191 2690 383 2770 prevento
405 2674 514 2768 patris
538 2675 753 2769 proposito,
786 2675 959 2770 angelicas
979 2669 1209 2766 potestatesg

191 2771 308 2854 ouiiie
333 2774 472 2870 ignaras
498 2774 610 2867 petris
634 2771 779 2848 artificis
808 2773 929 2846 mundi
953 2773 1084 2865 hujus,
1123 2772 1166 2842 ab
1195 2771 1209 2843 l

191 2871 342 2970 perinde
364 2875 484 2948 animo
503 2885 701 2960 terentem,
726 2893 773 2946 ne
795 2871 941 2968 digreiia
964 2893 1005 2946 ea
1029 2869 1209 2964 alteriusg

191 2973 329 3048 nimina
344 2973 563 3048 viderentur.
614 2969 663 3044 Et
676 2971 813 3045 idcirco
834 2971 932 3046 omni
950 2971 1175 3042 contumeliae
1193 2991 1209 3040 a

193 3071 348 3164 didam,
380 3086 423 3144 ut
446 3091 620 3165 nusquam
642 3067 820 3146 discedere
846 3071 1083 3162 depreciatam
1107 3068 1209 3140 libere

191 3171 357 3248 humane
387 3191 533 3263 quoque
558 3169 683 3246 forme
718 3167 925 3258 succidisse,
966 3171 1069 3241 velut
1095 3167 1209 3237 vinco

192 3269 312 3344 carnis
336 3269 595 3362 coercendam,
624 3271 676 3344 ita
695 3269 816 3346 multis
838 3269 924 3342 evis
944 3287 1008 3361 per
1032 3267 1122 3340 alios
1145 3275 1209 3353 stoi

194 3371 287 3444 alios
311 3370 451 3444 habitus
472 3367 663 3446 femininos
684 3371 886 3444 volutatem
908 3369 1013 3442 etiam
1032 3366 1126 3438 illem
1145 3363 1209 3436 Hel

192 3489 279 3546 nem
295 3465 395 3542 noue
407 3467 675 3544 exitiosrssimem
690 3467 850 3560 Priamo,
871 3467 904 3542 dr
921 3463 1113 3540 Stesichori
1129 3460 1209 3555 post

193 3568 338 3661 oculis,
364 3586 470 3662 quem
492 3567 527 3642 u
549 3565 756 3642 excaeceliet
779 3570 829 3641 ob
855 3567 1055 3640 convitium
1075 3562 1205 3644 carmin

192 3667 328 3742 dehinc
339 3665 577 3744 reluminasset
590 3670 640 3740 ob
653 3665 924 3742 satisfadiionem
938 3664 1060 3738 leudis.
1096 3661 1204 3734 Proin

192 3769 406 3862 migrantem
426 3789 504 3844 eam
523 3767 567 3840 de
587 3767 802 3861 corporibus
819 3766 855 3837 in
874 3783 1052 3857 corpora,
1077 3759 1209 3857 postrer

192 3865 481 3944 dedecoratione
505 3865 705 3944 lubriculo
735 3863 924 3962 prostitilie
950 3865 1124 3940 Helenam
1149 3859 1209 3929 vili

247 3961 390 4044 Turni.
412 3962 502 4046 Tm.
520 3969 567 4042 11.
786 3963 850 4038 Bb
1118 3975 1206 4034 rem.
