2540 4334
321 207 396 268 nn
445 163 866 276 Par-renuti.
1079 203 1126 288 ες
1232 290 1241 302 ι

64 367 142 440 tas,
167 349 315 422 alteram
341 369 462 426 earum
485 349 585 424 nudo
608 349 727 426 dabit:
765 352 827 427 nisr
848 351 942 426 idem
964 351 1038 448 srt,
1060 343 1123 450 q'ui

5 447 12 507 l
61 447 234 524 auferenti
249 449 419 542 unicam,
434 451 541 550 etiarn
557 451 700 544 pallium
714 451 848 526 offerre
861 453 990 546 possit?
1018 457 1123 553 Quo.

5 551 11 606 l
59 548 171 624 rnodo
199 548 334 622 atticos
360 550 404 622 de
431 567 634 624 mammona
661 549 914 625 fabricabimus
938 555 1122 647 nobis,s1

5 651 11 706 l
59 669 139 722 cum
152 649 190 722 in
207 660 346 722 tantum
362 648 622 741 amaverimus,
655 663 697 724 ut
714 650 869 724 amissum
883 673 960 726 non
976 651 1122 732 suffera·

5 757 11 824 l
58 746 161 824 mus?
186 745 382 822 Peribimus
404 769 486 824 cunr
498 749 653 844 perdito.
706 751 804 850 Quid
823 751 882 824 hic
898 753 1119 850 invenimus,

5 851 12 904 l
57 849 117 920 ubi
133 847 304 922 habemus
326 845 516 922 amittere?
551 847 747 924 Gentilium
769 848 840 943 est,
869 854 1033 926 omnibus
1059 851 1145 930 de?

5 953 10 1004 ¹
57 948 231 1022 minentis
251 947 508 1039 impatientiam
532 949 730 1044 adhibere,
765 949 924 1041 quirem
950 957 1119 1044 pecunia-

5 1051 10 1142 l
56 1047 142 1122 riam
165 1045 312 1119 sortasse
335 1049 458 1122 munte
481 1059 715 1142 anteponant.
778 1049 873 1122 Nam
899 1047 933 1123 ta
958 1049 1117 1148 faciunt,

5 1151 10 1244 l
56 1165 135 1220 cum
156 1147 248 1219 lucri
271 1145 524 1240 cupiditatibus
546 1145 739 1239 questuosa
756 1151 914 1242 pericula
928 1152 1117 1226 mercimo-

5 1253 10 1306 Ι
52 1247 197 1322 niorurn
216 1247 253 1318 in
273 1249 360 1320 mari
382 1259 570 1320 exercent:
597 1269 679 1322 curn
698 1251 858 1344 pecunie
878 1247 994 1322 carrlia
1010 1251 1118 1328 etiam
1219 1279 1221 1284 ·

5 1351 10 1408 ¹
53 1345 189 1422 inloto
204 1345 294 1419 nihil
313 1345 531 1422 damnationi
549 1347 745 1422 timendum
768 1349 910 1444 adgredi
927 1349 1092 1424 dubitant
1100 1371 1118 1440 3.

5 1451 10 1504 Ι
56 1465 134 1520 cunr
159 1445 315 1537 denique
340 1445 428 1520 ludo
453 1445 488 1518 dr
511 1445 628 1520 castris
654 1445 726 1520 sese
754 1447 906 1542 locant,
943 1469 1024 1524 cum
1050 1469 1117 1541 per

5 1535 10 1604 i
54 1547 148 1620 viam
171 1547 208 1619 in
233 1567 354 1620 mores
378 1545 567 1622 bestiarum
589 1547 863 1622 latrocinantur.
914 1545 998 1622 Nos
1020 1568 1116 1644 vero

5 1653 10 1706 Ι
54 1641 245 1720 secundum
269 1645 538 1736 diversitatem,
573 1665 643 1738 qur
663 1667 745 1720 cum
769 1647 837 1718 illis
859 1645 1003 1743 samius,
1036 1667 1116 1724 non
1264 1689 1265 1692 κ

5 1759 10 1848 3
56 1745 201 1820 ammam
220 1765 290 1839 pro
304 1745 477 1838 pecunia,
504 1743 564 1818 sed
581 1746 769 1839 pecuniam
786 1765 854 1840 pro
876 1747 1116 1842 animadepm
1253 1765 1255 1768 ·

5 1855 10 1906 ¹
57 1863 137 1920 nere
152 1847 352 1920 convenit:
383 1841 445 1920 seu
465 1843 594 1942 sponte
613 1845 651 1920 in
672 1844 878 1942 largiendo,
903 1843 964 1922 seu
977 1849 1115 1945 patien-

5 1931 9 2026 Ι
59 1946 160 2020 terin
177 1945 390 2021 amittendo.
1073 1969 1111 2040 ·,

5 2047 9 2108 l
129 2053 160 2124 8.
186 2041 301 2138 Ipsam
321 2040 470 2122 animam
492 2044 674 2139 ipsumque
691 2065 824 2139 corpus
846 2046 883 2120 in
905 2043 1026 2121 seculo
1043 2045 1113 2122 isto
1164 2059 1166 2064 ’

5 2135 9 2218 l
59 2144 252 2238 expositum
268 2145 433 2218 omnibus
456 2145 502 2220 ad
518 2145 680 2239 injuriam
696 2145 871 2242 gerimus,
896 2148 1044 2240 ejusque
1061 2147 1113 2222 in·
1247 2183 1249 2189 2

5 2253 8 2384 ἶ
53 2241 385 2418 situlus
399 2243 1112 2438 .ll³tl⁵anlttli.ltltziltt²

5 2457 7 2504 l
56 2457 96 2514 ut
117 2443 289 2537 patientia
311 2445 505 2538 majoribus
530 2443 792 2518 tentationibus
811 2434 1036 2540 praeparata,
1072 2397 1112 2520 iri

5 2555 7 2646 l
54 2539 192 2616 frivolis
208 2543 362 2620 excidat.
414 2543 450 2616 Si
466 2565 572 2622 rnanu
586 2547 663 2636 quis
678 2543 878 2620 tentaverit
888 2563 1111 2640 provocare,

5 2657 6 2704 ι
54 2641 176 2736 presto
197 2641 251 2719 est
267 2644 446 2718 dominica
458 2646 623 2739 monela,
648 2645 882 2720 veternare
897 2641 1055 2744 (inquit)
1072 2645 1113 2718 in

49 2739 185 2834 faciem,
212 2749 310 2816 eriam
325 2746 456 2820 atinam
471 2769 582 2838 gutum
593 2745 730 2818 nivern.
779 2741 964 2841 Fatigetur
978 2745 1112 2841 impro-

54 2841 339 2940 bitas,patientia
351 2857 425 2920 tua.
452 2841 562 2938 Citius
577 2843 664 2920 ittus
679 2845 740 2918 ille
753 2845 809 2937 sit
829 2844 959 2920 dolore
975 2841 1110 2918 &con-

53 2945 195 3018 tumelia
213 2941 444 3038 constritlus,
470 2945 613 3042 gravius
628 2965 648 3018 a
662 2943 811 3018 domino
825 2945 986 3038 vapulat.
1025 2941 1109 3020 Plus

52 3037 251 3134 improbum
273 3043 374 3126 illum
395 3045 498 3118 cedis
518 3037 735 3120 sustinendo.
785 3040 847 3116 Ab
870 3064 915 3116 eo
938 3041 1034 3118 enim
1047 3061 1110 3114 var

10 3209 14 3216 .
51 3141 211 3234 putabit,
238 3145 338 3234 cujus
360 3145 471 3240 gratia
492 3142 647 3221 sustines.
681 3143 734 3216 ¹·Si
750 3142 878 3238 lingum
893 3139 1108 3236 amaritudo,

52 3241 235 3316 maledillo
267 3241 341 3316 ssve
368 3244 537 3318 convitio
568 3245 755 3338 eruperit,
793 3242 929 3334 respice
954 3237 1107 3318 riuum:

39 3339 132 3410 'Cam
156 3365 211 3412 uos
231 3341 474 3432 valedixerint,
505 3346 643 3438 gaulere.
704 3341 885 3418 Dominus
908 3335 981 3432 ipse
1003 3343 1142 3432 malta,

55 3437 209 3516 didurin
226 3444 305 3539 lege
322 3441 394 3538 est,
421 3443 585 3520 &tamen
600 3443 697 3518 solus
710 3441 761 3516 est
776 3437 995 3518 benedidus.
1039 3437 1110 3537 Igi·
1146 3450 1153 3506 ἡ

5 3583 7 3586 -
56 3547 112 3610 tur
126 3540 307 3616 dominum
324 3540 418 3616 servi
434 3545 710 3638 consequamur,
737 3539 1034 3616 &maledicamur
1047 3559 1108 3633 par
1135 3586 1142 3606 κ
1264 3593 1265 3604 κ

48 3637 199 3734 ⁸tienter,
222 3655 265 3716 ut
283 3643 460 3716 beneditli
480 3643 550 3718 eise
567 3641 744 3737 possimus.
794 3637 831 3714 Si
853 3659 978 3734 parum
995 3659 1109 3732 aqua·

54 3735 190 3814 nimiter
209 3741 349 3827 audiam
368 3741 499 3827 dilium
522 3741 669 3844 aliquod
685 3743 721 3816 in
742 3761 799 3816 me
816 3749 1108 3842 protervumput

52 3853 221 3944 nequam,
244 3840 393 3926 roddan
406 3841 449 3934 ‚Gt
471 3839 545 3946 ipse
566 3839 807 3924 amaritudinis
827 3841 946 3924 neem
967 3833 1111 3926 neccsse

481 3989 485 3996 -
538 3937 633 4090 sa⁸
952 3933 1060 4042 ,usta
