2638 4342
223 163 973 276 'anvarnus-Juunros.
1058 181 1127 252 661

65 333 151 426 stri,
176 336 409 427 probavimus
422 335 581 410 sitfflcere
592 337 710 430 posse,
730 332 891 412 ¹mortem
905 337 1033 411 Christi
1045 357 1129 430 pro-

68 435 275 530 phetatam,
308 451 349 506 ut
372 432 415 508 e'x
440 437 512 508 hoc
538 437 635 528 quod
660 459 736 512 aon
761 437 846 510 esset
871 439 984 530 edita,
1017 441 1127 529 quatis

67 555 189 626 mors,
217 535 432 630 intelligatur
452 557 516 628 per
538 557 679 610 crucem
702 536 878 628 evenisse,
904 559 972 608 nec
992 539 1047 610 alii
1069 539 1129 610 de·

65 635 261 730 putandam
279 633 379 717 nine
396 633 588 727 passionem
608 637 721 708 crucis
733 654 760 727 ,⁸
777 657 879 727 quam
904 637 1004 727 cnjus
1027 658 1128 712 mora

65 735 336 828 praedicabatur.
360 787 367 803 .
390 733 483 806 Nam
503 751 656 810 mortem
678 737 751 827 ejus
775 737 806 806 ot
830 735 1019 830 passionem
1037 737 1127 831 ejus,

67 835 104 905 or
129 833 342 928 sepulturam
361 853 432 906 um
458 855 554 908 voce
574 831 689 908 Esaias
716 835 825 928 dicit:
866 842 897 906 A
910 839 1127 927 facinoribus,
1246 875 1249 890 ·

66 932 212 1025 inquit,
266 933 338 1028 puli
351 939 409 1002 mei
419 933 585 1028 perdutiur
599 945 639 1030 est
657 940 696 1006 od
712 954 858 1012 mortem,
884 933 921 1013 (o
936 936 1013 1007 tato
1030 937 1128 1006 molor

49 1061 55 1075 ·
62 1055 122 1128 pro
139 1033 302 1126 sepultura
322 1037 413 1128 ajat,
439 1032 478 1110 U
496 1037 614 1106 tiones
633 1055 688 1127 pro
707 1051 804 1105 morta
823 1039 913 1132 ejus,
938 1043 1014 1132 quio
1027 1037 1130 1124 soelor

54 1153 133 1228 ¹nort
141 1131 246 1224 facit,
272 1154 331 1202 nec
344 1133 430 1202 dolor
445 1139 482 1201 in
497 1160 547 1204 ore
564 1138 630 1232 ajat
646 1141 801 1204 inventur
819 1135 881 1230 est,
906 1133 944 1210 (Ἰ
967 1139 1052 1206 Deus
1071 1161 1128 1206 va-

67 1233 134 1302 luit
151 1243 314 1302 eximerea
330 1248 427 1302 morte
440 1238 579 1304 animam
593 1238 678 1331 ejus,
694 1233 727 1306 &
741 1247 871 1310 cetera.
905 1233 1007 1309 Dicit
1019 1237 1127 1312 etiarn

56 1331 202 1406 adhuc:
235 1333 406 1426 Sepultura
429 1333 503 1426 ejus
529 1335 634 1408 ablata
660 1335 699 1430 ιβ
722 1339 859 1404 amadeo.
924 1335 1126 1432 Quomodo

67 1429 131 1502 nisr
165 1451 229 1522 per
260 1429 580 1506 resumettionemt
617 1431 785 1524 Denique
823 1431 1000 1530 subjungit
1030 1435 1156 1524 idem,

66 1527 204 1603 Esaias:
239 1533 404 1627 Propterea
424 1533 485 1628 ipse
499 1537 612 1602 mastos
629 1541 665 1603 in
682 1535 896 1604 hoereditatem
915 1535 1058 1614 habebit,
1085 1531 1127 1610 θ

67 1631 237 1699 moranum
257 1631 378 1700 dividet
392 1632 501 1726 spotia.
555 1630 646 1732 Quis
669 1633 762 1706 enim
777 1633 887 1725 alius,
914 1631 974 1704 nist
991 1634 1050 1724 qui
1065 1655 1126 1706 na·
1199 1679 1201 1687 ,

67 1741 124 1800 tus
145 1727 216 1821 est,
241 1729 398 1822 utsupra
417 1731 654 1824 ostendimus,
681 1751 750 1824 pro
768 1753 814 1804 eo
833 1753 906 1823 quo
926 1733 1055 1804 tradita
1075 1731 1127 1806 est

64 1830 103 1903 in
118 1843 238 1900 morte
253 1830 368 1902 anima
382 1827 483 1920 ejus?
504 1830 651 1904 Ostensa
664 1831 757 1904 enim
771 1830 885 1903 caussa
899 1833 1018 1927 gratiae
1034 1833 1124 1925 ejus,

64 1947 135 2022 pro
155 1929 281 2019 injuria
299 1925 434 2001 scilicet
447 1931 571 2002 mortis
590 1929 835 2024 repensandae,
863 1931 993 2022 pariter
1007 1931 1127 2004 osten·
1148 1971 1154 1982 ·

66 2025 140 2102 sum
165 2027 235 2118 est,
268 2028 345 2099 haee
367 2029 465 2101 illum
486 2043 635 2124 propter
655 2041 808 2105 mortem
833 2027 1125 2124 consecuturum,

64 2126 322 2222 postmortem
346 2129 470 2219 utique
493 2128 574 2222 post
594 2127 888 2207 resmreenonen
914 2129 1125 2203 constratu·

65 2247 156 2300 rum.
207 2225 303 2300 Nam
325 2229 424 2318 quod
446 2231 483 2300 in
504 2228 657 2321 paffioue
680 2231 754 2322 ejus
773 2229 919 2320 accidit,
946 2241 989 2302 ut
1008 2229 1125 2304 media

66 2326 142 2399 dies
167 2323 455 2418 tenebresceret,
489 2325 604 2400 Amos
624 2328 803 2422 propheta
822 2330 1038 2422 annunciat,
1075 2328 1126 2400 di·

67 2445 174 2500 cens:
202 2428 251 2498 Er
266 2434 348 2514 erar,
375 2427 509 2520 inquit,
536 2432 572 2496 tn
588 2429 637 2498 aa
657 2430 710 2498 itta
729 2429 806 2497 aicta
826 2431 988 2519 dominon,
1012 2427 1126 2498 occider

61 2527 109 2616 sot
129 2529 228 2596 medio
250 2528 325 2610 dir,
353 2525 537 2608 tenebrescet
556 2527 649 2624 super
672 2529 876 2601 terraneos
899 2527 1056 2613 rumino,
1081 2515 1123 2603 st
1215 2581 1218 2594 .

67 2642 250 2698 convertam
272 2629 335 2696 dior
353 2625 449 2722 festor
468 2627 586 2724 vestroe
608 2623 797 2713 talutium,
824 2627 862 2704 θ
876 2633 982 2698 omnia
999 2630 1125 2699 cantica

65 2726 169 2824 veflra
188 2733 223 2796 in
238 2728 514 2814 sementationem,
545 2724 583 2802 (5
604 2733 757 2824 imponam
767 2729 862 2824 super
876 2725 990 2797 lumbos
1007 2727 1124 2826 orflror

60 2827 202 2918 farma,
237 2823 276 2900 ss
295 2827 383 2920 supa
406 2851 494 2898 omne
517 2843 609 2924 caput
629 2828 819 2912 coivitium,
836 2897 840 2910 ,
857 2823 904 2903 δ’
917 2847 1032 2922 ponam
1053 2849 1125 2898 eam

65 2925 152 3027 qaafi
166 2923 285 2996 latium
300 2923 426 3022 desitis,
451 2924 490 3000 (Ἰ
507 2951 575 3018 eos,
600 2933 659 3022 pai
677 2953 746 2996 cum
769 2929 824 2996 otto
845 2927 929 3022 quast
948 2929 1030 2996 diem
1051 2947 1124 2995 mar·

64 3029 159 3098 roris.
217 3025 305 3097 ¹Hoc
328 3024 422 3097 enim
447 3025 651 3116 &Moyses
671 3027 777 3097 initio
794 3025 897 3118 primi
914 3024 1038 3098 menos
1055 3044 1123 3096 no-

20 3171 21 3176 =
64 3145 199 3198 vorum
220 3123 375 3196 sasiuros
393 3145 464 3195 vos
482 3125 736 3217 prophetavit,
764 3145 845 3196 cum
864 3143 971 3196 omne
991 3125 1122 3217 vulgus
1148 3162 1149 3170 κ

64 3219 222 3299 filiorum
247 3222 349 3296 israel
375 3224 419 3296 ad
444 3222 625 3316 vesperam
651 3245 778 3318 agnum
813 3219 898 3296 esset
923 3223 1123 3295 immolatu-

65 3343 165 3418 tum,
193 3323 225 3394 δι
246 3325 338 3396 hanc
360 3320 609 3397 solennitatem
629 3321 698 3395 diei
716 3323 843 3414 hrajue,
867 3321 901 3391 id
920 3319 971 3392 est
988 3318 1125 3412 pasehae

66 3443 300 3516 azymorum,
333 3443 414 3496 curn
438 3423 669 3496 amaritudine
693 3421 968 3496 manducaturos
992 3439 1122 3512 praeca·
1254 3467 1273 3518 .‘

65 3526 193 3596 nebat:
223 3521 422 3613 &adJ'ecit,
449 3521 574 3613 pascha
599 3521 669 3594 ess'e
692 3523 848 3610 domini,
881 3519 917 3590 id
935 3519 1122 3611 estpaffio·

66 3643 147 3696 nem
172 3619 310 3694 Christi.
362 3622 473 3715 Quod
495 3623 544 3694 ita
569 3641 715 3712 quoque
734 3621 962 3721 adimpletum
984 3617 1054 3710 est,
1080 3634 1124 3692 nt

64 3723 179 3816 prima
203 3723 259 3792 oie
286 3739 493 3812 azymorum
511 3715 767 3792 interficeretis
790 3717 987 3810 Christum,
1025 3718 1124 3791 ut&

20 3855 21 3866 ³
61 3826 236 3922 proportio
259 3825 479 3918 implorentur.
530 3819 745 3994 Ppoperavit
766 3819 839 3894 dies
867 3815 1050 3912 vesperam
1072 3815 1125 3894 sa·

576 3917 663 4014 ‘t3
977 3935 1075 4013 cere,
