2450 4328
363 231 440 336 nn
488 241 761 350 Pluuio.
913 249 1000 300 ’··
1048 253 1094 365 '13

23 418 212 501 fredesel'e
227 402 346 519 regit,
374 419 481 495 facile
496 417 633 511 reficiar
658 423 765 498 etiam
779 405 1095 532 cumerponin'rr‘,

24 525 107 600 nulli
134 525 238 597 cruci
262 525 301 594 in
325 519 533 616 posteinum
557 523 811 612 demandatum
834 521 860 600 fi
881 527 965 620 quid
983 531 1100 625 iuter·¹
1183 599 1185 608 ,

27 627 88 698 ule
105 620 228 698 subter
249 619 321 708 est,
347 631 455 694 vacat
474 639 578 696 zonae
600 635 842 712 tormentum3
876 624 901 699 fi
920 627 1002 718 quid
1021 624 1096 702 cal'·
1155 687 1159 694 ,

26 740 143 796 cernas
163 724 379 813 inducitur,
404 711 659 798 mundissimum
684 741 777 814 opus
798 721 869 816 est,
892 737 954 798 aut
978 727 1092 822 pedes

22 823 106 897 nudi
138 823 273 918 magis,
314 833 415 894 certe
448 819 569 892 viriles
600 823 709 915 magis
741 839 844 914 quam
876 826 914 897 in
946 827 1089 902 calceis,

21 921 110 1000 Haec
125 943 195 1017 pro
213 919 329 994 Pallio
343 919 505 1012 interim,
531 932 703 1012 quantum
721 921 870 996 nomine
887 923 1089 1004 comitiasti.

24 1023 100 1120 Jam
118 1043 211 1094 vero
228 1019 265 1091 dr
280 1019 327 1094 de
337 1020 494 1116 negocio
511 1031 702 1112 provocat.
752 1016 854 1116 Ego,
880 1024 1013 1114 inquit,
1038 1025 1094 1100 ni·

23 1121 72 1197 hil
88 1121 187 1209 foro,
201 1120 297 1194 nihil
313 1137 466 1219 camp0,
483 1119 571 1192 nihil
582 1121 686 1192 curiae
699 1119 840 1212 debeo,
862 1122 949 1196 nihll
967 1123 1096 1198 officio

28 1221 201 1318 advigilo,
211 1215 678 1312 nullarostrapraeoccupo,
688 1221 785 1292 nulla
800 1213 1093 1312 praetoriaobserss

26 1341 88 1412 vo,
105 1322 257 1394 canales
275 1337 353 1390 non
365 1317 498 1409 odoro,
509 1319 690 1392 cancellos
706 1339 782 1392 nou
794 1319 922 1412 adoro,
933 1317 1093 1398 subsellia

25 1439 99 1497 non
107 1417 324 1508 contundo,
332 1419 412 1510 J'ura
426 1435 502 1490 non
519 1417 715 1511 conturbo,
726 1415 1093 1516 cauilasnouelatw,

28 1527 98 1594 don
103 1521 246 1612 judico,
255 1535 337 1590 nou
347 1517 477 1607 milito,
491 1535 569 1590 non
585 1513 718 1614 re'gu03
741 1512 857 1592 seceffi
871 1519 916 1592 de
927 1525 1092 1618 populo;

29 1621 65 1694 in
77 1621 296 1694 meunicum
308 1618 502 1714 negocium
513 1615 600 1692 mihi
615 1613 679 1702 eli,
697 1627 767 1689 nec
782 1617 875 1690 aliud
888 1638 984 1692 nunc
999 1641 1089 1697 curo

29 1741 128 1810 quam
141 1741 188 1793 ne
206 1737 349 1791 curem.
385 1713 474 1796 Vita
486 1715 638 1789 meliore
651 1717 760 1812 magis
776 1715 813 1787 in
830 1713 961 1790 secellu
971 1719 1096 1796 fruare

37 1821 389 1912 quaminpromptu.
415 1813 484 1890 Sed
494 1816 658 1911 ignavam
673 1813 872 1905 infamabis,
885 1814 1022 1890 scilicet
1031 1834 1094 1912 pas

43 1917 458 2012 niae,daimperioreique
467 1916 549 2008 pub.
561 1913 758 1990 vivendum
767 1911 827 1988 est.
837 1909 924 1988 Erat
932 1916 1094 1996 olimista
1110 1905 1116 1940 ³

47 2012 228 2104 sententiar
257 2015 386 2088 Nemo
401 2013 457 2086 alii
471 2012 645 2108 nascitur,
673 2015 867 2088 moriturus
880 2013 953 2091 fibi.
1002 2015 1117 2092 Ceo.

41 2125 75 2188 te
91 2137 166 2192 tum
186 2115 231 2192 ad
252 2109 437 2208 Epicuros
456 2109 674 2188 &Zenonas
694 2125 845 2188 ventum
861 2111 937 2204 esta
957 2115 1096 2212 sapien.

36 2229 85 2290 trs
100 2237 209 2290 vocas
223 2229 349 2288 totum
367 2213 497 2306 quietis
510 2211 757 2309 magisterium,
783 2213 842 2306 qui
857 2231 936 2288 wearn
951 2215 1094 2292 summo
1157 2300 1161 2308 „

35 2329 135 2408 atquc
160 2319 280 2390 unicae
307 2313 508 2406 voluptatis
527 2314 678 2386 nornine
701 2311 969 2390 consecravere.
1007 2313 1093 2392 ·Ta·

33 2435 113 2490 men
133 2411 406 2510 propemodum
434 2413 519 2484 mihi
539 2431 685 2506 quoque
703 2413 829 2489 licebit
846 2415 883 2485 in
908 2415 1093 2508 publicum
1130 2483 1135 2493 .

32 2513 207 2610 prodelle.
262 2509 375 2586 Soleo
400 2509 445 2584 de
470 2509 628 2606 qualibet
649 2513 805 2608 margine
826 2513 887 2584 vel
906 2533 965 2586 ara
983 2514 1093 2590 medi-

32 2617 129 2689 cinas
143 2613 313 2688 moribus
332 2609 472 2694 dicere,
505 2629 583 2703 quae
602 2609 742 2684 felicius
763 2609 914 2706 publicis
932 2614 1039 2688 rebus
1057 2613 1094 2689 dr
1160 2628 1169 2655 ¹

32 2716 243 2808 civitatibus
263 2709 468 2806 &imperiis
488 2709 604 2785 bonas
626 2709 852 2786 valetudines
872 2711 1093 2810 conferent,

38 2835 140 2910 quam
153 2828 230 2884 tuae
245 2829 378 2906 operae.
431 2809 763 2908 Quippeiipergam
779 2809 823 2884 ad
839 2811 943 2886 acuta
956 2825 1094 2907 tecum,

32 2919 112 3008 plus
126 2929 227 3007 togae
239 2909 364 2985 lesere
374 2913 536 3004 rempub.
565 2926 668 3000 quam
681 2909 815 2985 lorice.
865 2909 1006 3005 Atquin
1016 2913 1095 3003 nul·
1164 2951 1170 2988 r

33 3015 76 3088 lis
95 3013 198 3085 vitiis
226 3010 379 3092 adulor,
402 3011 509 3082 nullis
529 3010 690 3082 veternis
716 3027 851 3104 parco,
874 3013 964 3084 nulli
986 3013 1095 3107 impe·

32 3115 150 3210 tigini.
202 3107 531 3208 Adigocauterem
550 3109 758 3202 ambitioni,
785 3129 855 3202 qua
870 3107 924 3184 M.
951 3107 1095 3185 Tullius

1 3217 2 3230 ¹
34 3213 241 3308 quingentis
265 3209 422 3285 millibus
440 3225 623 3284 nummum
648 3209 773 3282 orbem
795 3209 874 3283 citri
893 3209 1000 3304 emit,
1019 3229 1097 3304 qua
1159 3267 1163 3282 .

28 3314 252 3386 distantum
272 3307 417 3382 Asinius
437 3305 560 3382 Gallus
583 3327 651 3402 pro
676 3305 795 3382 mensa
813 3305 971 3399 ejusdem
990 3309 1098 3383 Mau'·
1167 3339 1172 3355 ·

37 3411 171 3487 ritaniae
187 3421 364 3486 numerat
416 3405 530 3502 Hem,
557 3407 697 3500 quantis
711 3403 940 3480 facultatibus
956 3407 1100 3507 aestima.

44 3529 125 3584 vere
150 3513 287 3606 ligneas
314 3504 499 3582 maculas?
533 3508 620 3581 item
659 3524 728 3600 qua
752 3507 874 3600 lances
901 3509 1100 3584 centenarii

1 3659 2 3674 ,
54 3611 208 3698 ponderis
224 3609 326 3685 Sulla
335 3609 494 3682 molitur.
542 3605 690 3682 Vereor
702 3602 783 3679 sane
796 3625 843 3678 ne
858 3623 967 3702 parva
981 3607 1023 3683 lit
1035 3607 1104 3684 ilia
1175 3647 1184 3656 -

1 3723 2 3726 ‘
57 3713 187 3804 muira,
219 3709 306 3782 cum
332 3705 580 3800 Drusilianus,
611 3705 777 3804 equidem
794 3703 916 3782 servus
940 3703 1102 3798 Claudii,

53 3805 305 3906 quingenariam
335 3803 600 3906 promutuans.
616 3801 794 3904 edificat,
833 3803 1101 3980 suprfascrifltis,

357 3926 363 3937 ·
409 3967 411 3977 ,
873 3979 878 3989 ,
922 3917 1052 3982 ortae
1159 3913 1162 3920 '
