2596 4346
156 194 230 288 igi
302 191 350 291 Q.
375 189 511 268 Srrr.
533 187 678 268 Fton.
702 169 1065 271 Tnnrutnrnur
1209 181 1213 190 ’

157 353 271 428 Vinrs
284 359 401 444 aque,
428 349 627 446 spumisque
644 356 735 428 cutis
751 355 854 451 ibper
868 375 1011 446 equora
1024 353 1128 450 nigra
1203 343 1212 359 ’

157 451 335 543 Texitur,
362 455 546 546 appellunt
564 455 662 545 queis
678 455 729 527 est
745 477 787 528 ea
802 457 924 548 captio
942 455 1087 528 mercis:

156 551 352 627 Acclinent
366 553 475 625 laevcs
491 554 640 628 laterum
655 555 840 628 libramine
854 553 1009 646 lenibus,
1129 571 1133 578 “
1157 561 1173 596 ·

156 651 213 728 Ut
228 649 330 726 semei
350 652 544 747 impositam
563 653 718 728 doceant
736 653 977 728 conscendere
992 675 1135 734 venem.
1186 693 1188 700 .

155 749 252 829 Num
268 748 303 824 se
321 751 449 844 sponte
466 755 591 826 levans
605 755 749 828 adnabit
761 755 888 828 mercis
903 756 946 828 ad
963 773 1026 826 ora
1088 767 1094 784 ·

156 849 326 947 Navigii,
353 852 583 944 preciumque
605 853 702 926 dabit
717 873 784 948 pro
800 871 946 928 munere
966 856 1065 948 largo

155 949 329 1046 Niplaga
342 952 553 1048 contigerit,
581 972 683 1044 quam
702 951 825 1028 mensis
842 953 985 1028 foemina
1001 973 1048 1026 ve
1081 954 1120 1030 't.

156 1047 257 1125 Ecce
268 1051 366 1122 aliud
382 1051 551 1124 mostrum
566 1053 679 1149 pelagi
698 1053 742 1126 de
759 1053 859 1125 clade
875 1065 1040 1134 notatur:

157 1149 294 1222 Cundia
310 1151 381 1222 iilic
398 1149 576 1224 commissa
594 1167 734 1226 natant:
761 1165 887 1226 natura
901 1151 1038 1225 re'ce'ffit

155 1247 365 1344 Mergendis
382 1249 463 1320 data
480 1253 705 1345 corporibus.
749 1251 785 1324 Si
801 1251 953 1344 denique
972 1251 1069 1326 testae

9 1391 16 1400 -
155 1349 358 1428 Luciferam
376 1369 494 1424 narem
513 1350 698 1444 insistens,
725 1373 793 1441 qua
809 1349 948 1444 spiritus
967 1351 1039 1448 igni
1054 1345 1119 1442 est,
1182 1365 1184 1373 ’

155 1445 371 1522 Velisrcavit
390 1467 502 1540 apex,
529 1451 676 1524 flamme
693 1451 716 1525 sr
732 1453 871 1525 flamma
886 1463 1071 1544 perempta
1089 1445 1159 1542 est,

155 1547 230 1625 Ibit
243 1547 361 1620 subter
378 1569 484 1638 aquas
501 1549 688 1623 destrudiio
705 1549 874 1646 nausraga
890 1552 991 1624 lucis.
1059 1625 1067 1648 ‚

154 1647 225 1722 He
238 1645 434 1720 Sodomam
449 1649 483 1720 u
498 1647 702 1724 Gomorum
717 1651 857 1746 signate
869 1651 905 1722 in
920 1648 1036 1724 secula
1053 1669 1185 1742 poenae,

129 1805 131 1810 .
158 1747 336 1822 Gentibus
353 1744 508 1842 iniustis,
535 1752 634 1842 queis
653 1749 799 1842 pectora
816 1749 903 1822 dura
918 1751 1087 1827 timorem
1199 1839 1204 1847 Ι

156 1843 358 1920 Deseruere
372 1844 463 1938 Dei,
489 1847 535 1922 de
549 1851 641 1921 coeio
655 1851 734 1940 jura
751 1851 858 1939 tueri,
1176 1939 1180 1948 .

157 1943 271 2038 lnque
286 1967 396 2020 unum
415 1965 534 2022 rerum
555 1947 752 2024 Dominum
769 1946 925 2042 spedtare
945 1945 1143 2022 docebunt.

168 2105 1217 2197 mm

307 2284 422 2498 nn
469 2233 766 2500 troffo
812 2365 1068 2482 vrrm.

162 2573 195 2632 r.
211 2608 215 2618 .
272 2553 419 2630 stlocus
435 2559 593 2630 exomni
609 2559 766 2649 medius,
781 2575 885 2649 quern
903 2553 1095 2649 cernimus,
1114 2555 1209 2630 orbe

255 2699 271 2731 ,,
295 2653 461 2754 Goigota
474 2655 585 2748 Judai
601 2655 720 2751 patrio
738 2657 955 2752 cognomine
973 2653 1118 2730 dicunt:
1184 2609 1224 2737 ὀ
1266 2651 1277 2674 “

157 2750 321 2849 Hic·ego
335 2753 389 2827 de
407 2751 513 2828 sterili
531 2752 705 2828 succisum
716 2757 853 2829 robore
869 2757 1001 2854 iignum

157 2851 382 2946 Plantaturn,
408 2855 550 2927 memini
565 2855 699 2930 frtrdius
713 2855 867 2953 genuisse
880 2855 1044 2932 salubres.

158 2951 249 3030 Non
267 2965 387 3026 tamen
406 2954 474 3026 bos
497 2955 587 3046 illis,
615 2953 725 3050 quise
742 2957 921 3050 posuere,
948 2955 1091 3031 colonis

157 3051 331 3132 Praebuirr
358 3055 497 3127 externi
515 3053 647 3128 fruens
662 3057 818 3130 habuere
834 3057 972 3130 beatos.

159 3151 314 3227 Arboris
333 3153 408 3227 haec
428 3152 561 3250 species
579 3177 655 3229 uno
676 3159 720 3229 de
738 3153 856 3250 stipite
875 3153 997 3252 surgit,
1128 3194 1130 3202 ,

158 3249 209 3326 Et
223 3273 310 3326 mox
326 3253 361 3325 in
377 3255 539 3350 geminos
559 3255 722 3329 extendit
736 3255 880 3328 brachia
896 3275 1037 3328 ramos:

158 3349 260 3425 Sicut
274 3353 379 3448 plena
395 3373 523 3449 graves
540 3367 704 3426 antennee
720 3353 860 3428 carbasa
879 3355 1046 3450 tendunt,

34 3459 42 3469 '
150 3449 233 3526 =Vei
247 3473 328 3528 curn
344 3449 523 3552 disjundiis
535 3453 618 3550 juga
635 3451 727 3528 stant
744 3455 786 3528 ad
808 3465 921 3526 sratra
939 3451 1122 3548 juvencis,

158 3551 280 3724 guen
302 3553 384 3624 tulit
404 3553 476 3626 hoc
493 3553 611 3646 primo
629 3571 771 3628 maturo
789 3551 919 3626 semine
939 3551 1071 3646 lapsura

96 3684 102 3707 ι
193 3653 342 3744 oncepit
358 3653 481 3726 tellus:
504 3671 591 3726 mox
606 3653 690 3727 hinc
710 3652 891 3752 (mirabile
909 3651 1025 3744 diuo).

158 3747 286 3822 Tertia
301 3751 364 3822 iux
383 3752 535 3844 iterum,
561 3755 665 3827 terris
684 3751 890 3848 superisque
910 3752 1136 3831 tremendum

157 3845 514 3940 Exruieratramum,
542 3851 644 3925 vitali
664 3853 766 3948 fruge
781 3854 935 3932 beatumss
1019 3946 1021 3956 Ι

158 3941 230 4094 Se‘d
242 3947 297 4026 bis
314 3951 451 4030 vicenis
467 3943 627 4032 &matra
644 3954 678 4035 dr
694 3953 756 4038 rue
771 3951 897 4038 diebu
962 3978 994 4018 ἰ
1084 4049 1135 4134 cr

283 4076 288 4085 .
836 4127 837 4132 Ἰ
1136 4075 1174 4134 0,
