2638 4342
143 204 216 294 672
281 201 329 296 Q.
354 193 490 275 Ssbr.
515 193 661 274 Fso'n.
686 195 1053 276 Tarrutar'nnr

143 363 258 436 tribus
283 357 328 432 ad
352 362 509 452 tribum,
544 359 669 450 utique
695 360 792 451 quod
817 373 918 433 retro
943 383 1020 434 non
1044 379 1210 458 agnove-

138 463 216 532 rint
242 479 350 552 eum,
385 461 422 530 in
453 459 652 532 humilitate
686 461 906 532 conditionis
931 462 1091 534 humana
1117 481 1210 534 oon·

142 559 332 650 stitutum,
374 559 571 632 Hieremias
605 559 746 650 inquit,
783 557 906 634 Homo
941 559 1017 654 est,
1054 559 1087 632 ἃ
1125 561 1206 652 quis

145 655 344 754 cognoscet
369 657 495 734 illum?
535 659 616 750 quia
642 658 925 732 &nativitatem
953 661 1055 752 ejus,
1086 661 1225 750 inquit.

142 753 285 848 Esaias,
313 759 388 848 quis
416 755 620 830 enarrabit?
646 755 704 830 Sic
731 755 764 828 δι
790 759 881 850 apud
907 756 1113 834 Zachariam
1137 760 1205 852 ait,

3 857 5 866 ’
68 881 88 898 ‘
142 860 179 932 in
212 855 363 950 persona
396 858 529 951 ipsius,
557 857 636 931 imo
661 857 697 930 dc
721 857 886 949 in‘ipsrus
915 859 1068 930 nominis
1094 855 1208 930 sacra·
1250 939 1253 946 ‚

143 972 294 1048 mento,
329 957 522 1030 verissimus
556 953 720 1028 sacerdos
746 959 880 1049 patris,
914 957 1071 1030 Christus
1097 957 1205 1050 ipsius

145 1057 278 1148 duplici
302 1055 426 1129 habitu
449 1057 487 1128 in
513 1053 604 1128 duos
631 1055 807 1128 adventus
832 1057 1031 1131 deliniatur.
1082 1057 1208 1132 Primo

144 1155 307 1238 sordibus
344 1155 488 1228 indutus
528 1153 607 1246 est,
649 1154 686 1226 id
728 1155 778 1228 est
816 1160 929 1233 carnis
969 1157 1129 1250 passibilis
1170 1155 1208 1228 δι
1262 1162 1276 1226 .’

144 1255 306 1334 mortalis
334 1255 567 1350 indignitate3
600 1275 679 1326 cum
707 1255 739 1326 dr
765 1255 926 1330 diabolus
954 1257 1209 1330 adversabatur

144 1361 205 1446 ei,
240 1368 346 1428 autor
375 1352 510 1440 scilicet
534 1353 633 1448 Judae
664 1354 873 1446 traditoris,
905 1359 973 1448 qui
991 1378 1071 1429 eum
1097 1357 1207 1448 etiam

144 1455 227 1554 post
253 1451 462 1546 baptismum
479 1465 705 1526 tentaverat.
772 1453 914 1528 Dehinc
939 1454 1107 1547 spoliatus
1135 1459 1206 1548 pri.

144 1555 250 1632 stinas
273 1545 417 1648 so'rdes,
444 1565 639 1624 exornatus
666 1553 803 1646 podere
828 1553 861 1624 dt
885 1555 1017 1648 mitra,
1035 1548 1068 1627 o
1086 1553 1209 1628 ,cidari

143 1654 297 1746 munda,
325 1653 435 1726 idest
459 1652 602 1725 secundi
628 1651 825 1746 adventus,
860 1655 1028 1745 quoniam
1053 1657 1209 1750 gloriam

146 1755 386 1833 &honorem
412 1752 562 1844 adeptus
594 1751 865 1828 demonstratur.
922 1751 1003 1826 Nec
1035 1755 1212 1845 poter-itte.

146 1875 230 1930 eum
255 1850 522 1947 Josephdilium
549 1843 694 1942 dicere,
722 1853 902 1942 quinulla
928 1855 1076 1939 omnino
1105 1855 1208 1928 veste
1240 1867 1242 1885 ¹

144 1955 305 2045 sordida,
329 1951 388 2024 sed
413 1949 548 2042 semper
574 1949 782 2023 sacerdotali
807 1951 876 2024 fuit
897 1969 1111 2048 exornatio,
1133 1975 1209 2027 nec

144 2073 302 2144 unquam
338 2049 547 2124 sacerdotali
584 2071 732 2128 munere
763 2052 937 2144 privatus.
1002 2053 1072 2126 Sed
1105 2053 1211 2149 Jesus

145 2153 211 2230 iste
238 2149 415 2242 Christus,
448 2147 520 2220 Dei
547 2149 655 2242 patris
682 2148 803 2224 summi
828 2149 1016 2252 sacerdot,
1050 2155 1110 2244 qui
1134 2157 1214 2246 pti·

40 2267 43 2281 ·
78 2287 79 2290 ¹
145 2275 209 2328 mo
242 2250 403 2324 adventu
433 2245 496 2321 suo
529 2249 680 2328 humana
710 2249 826 2322 forma
854 2252 887 2323 ἀ
916 2251 1076 2344 passibilis
1101 2255 1210 2326 venit

146 2355 186 2426 in
210 2351 410 2425 humilitate
439 2367 554 2439 usque
585 2342 630 2422 ad
660 2349 877 2442 passionem,
910 2349 982 2444 ipse
1015 2355 1120 2438 etiarn
1154 2354 1210 2427 ef·
1260 2439 1267 2450 ι

7 2429 15 2461 ”
145 2451 262 2530 fellus
287 2449 419 2539 hostia,
445 2470 510 2542 per
537 2449 678 2542 omnia,
705 2471 772 2544 pro
800 2450 964 2524 omnibus
989 2453 1117 2544 nobis,
1144 2455 1209 2544 qui

144 2551 229 2648 post
252 2548 546 2624 resurreetionem
571 2543 833 2622 suamindutus
863 2551 1061 2644 poderem,
1094 2547 1210 2626 sacer-

145 2651 214 2726 dos
247 2653 285 2724 in
315 2662 486 2724 eternum
518 2645 589 2720 Dei
622 2649 731 2741 patris
765 2665 994 2744 nuncupatus
1022 2651 1081 2724 eli.
1146 2651 1209 2728 Sic

147 2752 243 2826 enim
268 2747 303 2822 dt
331 2749 484 2820 duorum
509 2747 716 2840 hircorum,
751 2751 808 2840 qui
834 2750 971 2841 jejunio
998 2743 1209 2826 'offereban-

145 2865 228 2943 tur,
254 2847 738 2940 saciaminterpretationem.
789 2847 928 2922 Nonne
950 2850 1052 2924 &illi
1069 2869 1209 2927 utrum·

147 2971 219 3043 que
246 2949 409 3022 ordinem
432 2947 587 3022 nominis
604 2944 753 3040 Christi,
780 2951 840 3040 qui
855 2951 925 3040 jam
945 2953 1065 3044 venit,
1090 2951 1210 3026 osten-

147 3045 271 3128 dunt?
313 3067 415 3141 pares
455 3047 597 3140 quidem
639 3061 746 3137 atque
785 3049 1015 3142 consimiles,
1053 3065 1209 3144 propter

107 3185 111 3190 ·
147 3149 301 3229 eundem
327 3147 463 3231 domini
488 3143 843 3242 conspectumque
866 3169 942 3220 non
968 3149 1004 3220 in
1029 3153 1096 3226 alia
1115 3173 1208 3226 ven·

148 3263 252 3324 turm
278 3247 332 3322 est
363 3247 504 3338 forma,
534 3259 576 3318 ut
608 3246 689 3336 quia
720 3244 890 3344 cognosci
919 3247 1050 3338 habet,
1079 3249 1105 3324 b
1131 3251 1209 3342 qus·

146 3351 216 3427 bus
247 3347 281 3421 δι
313 3345 411 3423 laesus
444 3345 506 3422 est.
566 3343 670 3419 Unus
704 3361 820 3420 autem
854 3367 980 3421 eorum
1012 3350 1211 3426 circumda·

146 3463 207 3524 tus
232 3449 414 3542 coccino,
446 3443 649 3520 maledictus
675 3445 709 3518 o
731 3445 951 3540 convulsus,
986 3449 1209 3543 &conpum

147 3547 248 3640 stus,
274 3569 295 3620 a
317 3547 457 3642 populo
483 3559 585 3618 extra
610 3545 794 3620 civitatem
819 3547 1049 3638 abjiciebatur
1068 3551 1104 3622 in
1124 3571 1208 3646 per.

148 3648 349 3741 ditionem,
383 3643 572 3720 manifestis
598 3647 729 3738 notis,
763 3645 952 3744 insignibus
981 3647 1108 3724 Christi
1132 3649 1211 3744 pas·

147 3747 276 3842 honis,
303 3746 363 3842 qui
389 3747 561 3824 coccinea
585 3744 823 3827 circumdatus
849 3745 1030 3844 veste,.&
1055 3748 1210 3847 conspe.

177 3909 179 3914 .
1044 3861 1157 3946 utus,
