2596 4346
292 204 296 210 ¹
432 165 771 248 Casurus.
885 193 889 201 ·
971 223 975 231 .
1059 183 1129 262 7³1

75 335 263 414 mediter
284 329 393 406 versu
411 345 563 408 moerent
579 333 748 408 miracula
766 330 911 405 forme:

73 421 238 528 Namque
250 455 372 510 comes
382 433 608 527 conjux‚heu
617 453 675 506 me
684 433 775 508 male
786 447 862 506 turn
874 427 1132 528 quoquclegit,

76 533 229 612 Femina
241 555 318 614 non
333 533 493 627 patiens,
521 531 643 606 divina
657 529 700 606 ad
714 544 894 606 murmura
909 529 990 611 toeli

76 633 239 710 Audaces
258 633 387 708 oculos
402 633 636 725 nequicquam
652 630 727 708 sola
742 631 901 722 retorsit,

76 733 166 810 Non
181 733 346 808 habitura
366 735 466 824 loqui
483 731 582 826 quod
597 732 747 806 viderit:
773 732 807 804 ἁ
823 728 922 806 simul
936 729 1010 802 illio
1112 752 1119 789 .-

75 831 116 912 In
131 833 290 931 fragilem
306 845 444 908 mutata
458 833 584 924 salem,
610 829 708 906 stetit
727 828 800 926 ipsa
820 829 1058 938 sepulchrum,

74 931 217 1030 Ipsaque
231 935 350 1029 imago
365 933 450 1025 sihi,
476 931 630 1006 sormam
650 931 722 1006 fine
742 951 899 1024 corpore
917 927 1081 1013 servante.
1195 941 1204 952 ·

74 1031 191 1108 Durat
207 1031 323 1108 adhuc
344 1033 477 1108 etenim
498 1029 593 1106 nuda
610 1029 763 1106 statione
780 1027 842 1104 suh
857 1029 1017 1124 aethram,

74 1129 154 1208 Nec
173 1133 306 1226 pluviis
322 1129 451 1229 dilapsa
466 1131 554 1224 fitu,
580 1153 649 1206 nec
666 1131 782 1204 diruta
800 1131 929 1205 ventis.

76 1232 279 1334 Quinetiam
292 1233 317 1308 fi
333 1235 410 1325 quis
423 1232 646 1306 mutilaverit
660 1230 799 1306 advena
816 1229 983 1324 sormam,

74 1331 241 1406 Protinus
259 1353 304 1406 err
323 1329 394 1409 sese
412 1329 572 1428 suggestu
594 1331 746 1404 vulnera
762 1329 934 1423 complet.
997 1403 1002 1408 .

74 1429 215 1506 Dicitur
237 1431 416 1508 &vivens
432 1433 503 1506 alio
518 1433 589 1524 iam
605 1451 786 1524 corpore,
811 1426 912 1502 sexus

74 1525 271 1606 Munilicos
285 1531 393 1606 solito
411 1530 617 1629 depungere
633 1527 800 1626 sanguine
815 1523 963 1604 menses.

120 1657 157 1736 4
182 1627 370 1726 Nusquam
385 1627 467 1708 sunt
484 1630 655 1724 Sodomi,
680 1649 853 1724 nusquam
868 1624 1131 1802 illprumimpia

924 1739 1036 1802 ucent

73 1829 225 1910 Moenia:
243 1849 324 1904 eum
339 1829 491 1904 dominis
503 1829 630 1904 domus
642 1827 874 1924 omnis'inops
885 1827 936 1902 ita
945 1845 1133 1922 nusquam,

73 1931 175 2010 Tota
186 1951 296 2028 rogus
313 1930 415 2026 regio
433 1929 505 2024 est,
532 1927 616 2004 hine
632 1943 713 2004 atro
729 1930 885 2004 horrore
900 1927 1047 2022 favilla,

73 2032 239 2124 Hincque
254 2029 321 2103 srtu
341 2051 433 2104 cano
452 2032 589 2103 cineres
608 2029 771 2103 incendia
790 2031 937 2144 signant.

71 2129 222 2206 Occidit
241 2129 300 2203 illa
313 2131 416 2224 prior
429 2129 572 2224 feritas,
598 2151 702 2222 quam
720 2129 939 2226 prospiciens
952 2125 1063 2204 tom

73 2227 205 2306 Nullus
220 2243 296 2302 arat
310 2229 439 2302 frustra
450 2232 570 2324 piceas
586 2227 734 2346 fuligine
748 2230 879 2326 glebas.

72 2329 472 2424 Serniperemptuetiam
491 2329 517 2404 li
534 2349 604 2421 qua
618 2329 691 2402 illrc
700 2329 847 2426 jugera,
872 2331 970 2404 leus

72 2429 247 2507 Autumni
266 2439 446 2503 conantur
466 2447 580 2524 opes,
607 2427 712 2502 facile
728 2427 866 2522 optima
883 2425 954 2502 sese

71 2527 296 2632 Promittunt
310 2529 446 2614 oculis,
471 2529 570 2623 pira,
596 2527 752 2624 persica,
778 2527 951 2604 &omniu
968 2525 1074 2624 mala,
1107 2591 1111 2603 .

62 2629 210 2805 §louet
226 2641 436 2722 carpuntur:
461 2651 542 2704 nam
559 2629 726 2724 protinus
743 2628 864 2702 indice
877 2625 1024 2724 tastum,

97 2727 237 2804 olvitur
252 2727 290 2802 in
305 2731 488 2824 cinerem,
508 2723 553 2804 fit
567 2727 868 2823 vanasavillaque
883 2749 1043 2824 pomum.
1108 2759 1112 2767 ·
1201 2735 1205 2740 ’

68 2829 131 2904 Sic
148 2828 256 2926 iginrr
273 2830 365 2902 coelo
380 2830 513 2922 pariter
527 2844 693 2920 terraque
707 2826 868 2923 sepultis,

8 2953 9 2990 l
69 2927 157 3008 Nec
172 2949 270 3002 mare
287 2927 385 3000 vivit
400 2929 472 3022 ihi,
498 2945 597 3004 mors
613 2925 664 3002 est
676 2930 781 3003 maris
800 2930 859 3002 illa
872 2927 1000 3020 quieti,

68 3029 186 3123 quue
202 3029 333 3100 animat
348 3029 465 3102 nullus
479 3047 545 3123 per
563 3026 689 3102 anhela
702 3027 890 3102 volumina
905 3025 1055 3102 nunusz

71 3125 259 3232 Quodque
269 3127 377 3201 etiam
390 3127 510 3221 patrio
523 3145 705 3220 nunquam
720 3125 865 3220 suspirat
882 3127 925 3200 ab
941 3123 1076 3222 austro,

69 3227 258 3328 Quodque
273 3241 381 3302 cavet
392 3225 559 3320 proferre
572 3227 724 3320 aliquam
736 3225 780 3300 de
794 3225 935 3324 gurgite
948 3237 1093 3322 gentem

68 3326 214 3420 Squami
240 3345 355 3420 erun,
380 3327 512 3401 laevive
528 3339 613 3400 cute
631 3327 691 3399 vel
711 3327 851 3400 cortice
864 3325 1011 3418 septam,
1265 3368 1282 3405 ·.

67 3429 146 3502 Vel
161 3345 308 3522 crispam
319 3425 509 3522 concnam,
526 3441 588 3500 aut
600 3425 734 3518 duplici
747 3426 958 3524 compagine
970 3423 1132 3504 drumm
1245 3511 1249 3522 ,

67 3527 200 3602 solum
216 3525 288 3600 illic
300 3527 447 3620 propria
457 3528 629 3602 mentitur
642 3525 745 3622 fruge
759 3527 934 3621 bitumen,

66 3623 198 3702 Erum·
210 3625 325 3722 suligo
339 3627 464 3718 maris,
491 3623 590 3719 quod
606 3625 751 3700 vividus
768 3626 875 3698 ardor

68 3723 209 3800 Subter
219 3725 339 3823 llagna
357 3745 517 3818 coquens
537 3725 582 3800 de
598 3721 819 3820 sulphuris&
836 3723 912 3799 salis
933 3719 1018 3801 cestu

69 3825 292 3918 Temperat,
318 3825 425 3918 inque
437 3825 554 3920 picem
575 3823 635 3896 dat
653 3837 758 3898 terrae
776 3823 911 3898 haerere
929 3825 1111 3900 marinam
1202 3829 1207 3840 “

67 3923 264 4002 Invehitur
282 3927 435 4022 proprio
453 3945 539 4027 cum
552 3937 718 4024 tempore
731 3927 862 4030 pingue
877 3937 1055 4096 cremppp.
