2596 4346
392 161 765 264 'Cunutnn
839 180 845 211 ¹
948 152 1125 284 ³¹7&

13 401 15 418 ›
71 351 157 432 Nox
169 343 329 446 sequent
346 347 514 444 dederat,
539 349 603 424 lux
619 333 777 422 soluerat
791 347 902 420 altera
914 341 1075 440 nostem,

72 453 119 528 Et
135 453 292 526 Sodoma
307 453 343 525 in
361 449 501 523 foribus
515 447 677 543 strepitat
692 446 886 539 conquesta
898 445 1113 531 rodendo„
1157 441 1162 458 ’
1241 439 1245 452 ’

13 591 14 594 ¹
65 549 168 628 'Loth
185 566 312 626 contra
325 547 490 644 supplex:
515 547 576 622 Ne
592 571 663 622 vos
676 569 775 622 nunc
788 545 887 640 paiia
902 545 1017 619 libido

71 651 264 745 Incendat,
285 651 460 746 iuvenes,
488 647 595 744 ipsam
614 647 746 721 foedare
761 648 965 740 Juventarn:

64 757 158 854 ⁴Quo
169 755 273 826 luxus
289 749 452 846 genitura
467 747 605 822 vocati
630 769 703 840 quo
721 745 851 820 semina
868 742 1021 819 frustra?
1114 825 1118 836 ,

66 855 159 1030 ¹guo
174 853 278 924 nullae
293 861 447 944 nuptant
462 847 602 924 anime:
627 869 704 922 non
720 845 828 920 lustra
845 847 1024 938 colentes,

12 959 13 1054 ᾗ
112 973 161 1026 on
177 951 320 1026 stabulis
333 948 503 1040 reduces,
528 969 605 1024 non
619 945 723 1022 undis
742 943 862 1037 subter
877 945 1031 1038 hiantes,

12 1055 13 1070 ¹
74 1053 155 1130 Nec
169 1073 245 1144 quae
259 1069 453 1146 pennantur
466 1047 620 1123 modulis
632 1069 750 1144 prope
764 1043 884 1119 nubila
897 1045 1072 1138 pendent,
1189 1129 1194 1148 .

74 1151 154 1230 Nec
170 1171 247 1243 que
262 1169 328 1243 per
344 1163 475 1222 terram
491 1145 677 1242 prouauo
692 1155 851 1241 xcorpore
868 1159 1022 1220 manant.
1116 1217 1124 1232 ,

77 1251 195 1326 Omne
209 1270 342 1347 genus,
363 1249 451 1321 luxu
466 1267 577 1344 genus
592 1247 659 1322 est:
685 1246 748 1342 sed,
765 1246 907 1320 foemina
924 1243 1061 1334 coniux

77 1351 271 1440 Omnibus,
297 1347 524 1440 &nunquam
540 1349 705 1442 cuiquam
720 1345 781 1420 nin
798 1344 942 1418 lumina
955 1357 1085 1430 mater,

74 1451 184 1528 Nune
199 1448 224 1522 si
239 1449 291 1522 fas
306 1447 476 1540 iuvenilis
491 1447 601 1522 habet
616 1447 752 1522 vastare
767 1445 957 1540 pudorem,

10 1543 958 1658 ,Smfflmmwmffimffimu

10 1675 11 1696 ¹
75 1643 927 1746 Vwfflmmfflmmmnpmnfflmmffi
1119 1719 1126 1728 ,

74 1749 194 1849 Digna
210 1745 341 1842 cupido
358 1746 464 1840 viris,
490 1747 614 1820 tulerit
632 1767 736 1840 quana
750 1743 870 1818 vestra
884 1741 1072 1838 voluptati

78 1849 180 1926 Cedo
196 1861 319 1942 pater,
344 1865 484 1940 proque
497 1842 697 1940 hospitibus
709 1841 865 1942 pensabo
886 1845 1062 1922 dolorem.
1172 1913 1186 1951 s

77 1949 218 2048 Vulgus
230 1945 273 2020 ad
282 1945 358 2020 haec
369 1945 529 2020 demens:
544 1947 720 2042 Quisnam
730 1961 785 2036 tu,
795 1958 959 2038 quantus,
973 1940 1138 2022 &undei

79 2050 153 2172 Qui
172 2047 281 2122 nobis
295 2043 515 2141 domineris,
541 2047 612 2142 ait,
636 2048 805 2146 legesque
823 2043 1025 2122 recondas?
1069 2077 1073 2092 ·

77 2143 525 2242 transvenapcorreuor
537 2143 806 2240 Sodomorum,
835 2143 991 2240 duplicat
1002 2141 1087 2224 iras.
1131 2183 1133 2191 ·

77 2249 190 2326 Nunc
206 2245 313 2344 igitur
326 2255 406 2317 tute
420 2243 492 2338 ipse
508 2247 606 2336 lues,
634 2243 864 2340 quodnostra
877 2247 1009 2340 cupido
1025 2245 1090 2342 est,
1102 2246 1129 2333 ’,
1194 2274 1197 2284 ·

78 2347 151 2426 Pto
165 2345 280 2439 natis,
331 2363 446 2436 noque
460 2341 677 2442 hospitibus:
703 2344 783 2420 satis
801 2365 894 2418 unus
911 2347 948 2419 in
968 2367 1106 2424 omnes.

76 2446 191 2524 Didia
207 2367 345 2519 &facia
359 2443 475 2518 fimus
500 2445 600 2544 vulgi
613 2467 716 2522 mora
729 2447 826 2520 nulla
844 2443 1006 2521 furentis.

78 2543 264 2625 Turbidus
283 2545 438 2648 biberno
455 2555 499 2616 ut
514 2544 596 2620 duna
610 2547 779 2620 volvitur
792 2547 924 2640 impete
937 2559 1093 2626 torrens.

78 2649 262 2725 Rivontm
274 2665 445 2718 numeros
459 2665 535 2718 uno
551 2647 643 2741 pede
660 2647 776 2722 lentur
791 2648 829 2722 iu
843 2667 995 2722 omnes:

80 2749 118 2824 si
136 2767 205 2840 qua
220 2745 292 2819 illie
312 2747 421 2818 arbor
433 2743 564 2840 rapidis
578 2743 777 2822 offenditur
790 2747 909 2840 undis,
1022 2767 1027 2786 ·

9 2861 10 2868 '
79 2841 948 2936 Hwfflmfflmfflmqmmmnffloefflfflst

81 2947 238 3023 Crinitus
259 2945 538 3036 duraremus,
562 2947 626 3018 ubi
648 2944 922 3020 subter'adelarn

79 3047 205 3124 Perdit
224 3047 370 3120 humum
388 3041 617 3118 circumfosso
636 3067 718 3118 cum
733 3045 880 3118 caudice
898 3041 1074 3149 pendenp,
1121 3072 1126 3081 ·

81 3147 171 3224 an
186 3147 272 3219 1llus
293 3157 427 3217 certain
446 3139 568 3218 differt
580 3146 718 3220 incerta
730 3143 885 3219 ruinam:
1193 3133 1205 3168 ⁸
1229 3149 1234 3160 “

80 3245 192 3324 Haud
208 3245 313 3346 alitpr
328 3241 428 3316 Loth
443 3245 480 3338 in
491 3243 607 3319 media
621 3245 800 3342 vertigine
815 3243 930 3341 vulgi,

80 3347 251 3424 Nutabat
264 3343 362 3418 vinci
378 3363 495 3436 prope
510 3345 601 3436 jam:
628 3344 686 3420 sed
702 3345 786 3418 diva
798 3342 957 3438 potestas

82 3447 286 3538 Subvenit‚
313 3443 460 3540 angelici
477 3445 630 3536 juvenes
648 3445 692 3518 de
705 3443 827 3518 limine
846 3457 989 3540 raptum

81 3545 294 3622 Restituunt
312 3543 433 3616 tediis:
460 3543 604 3618 demens
622 3543 680 3618 sed
694 3545 823 3642 vulgus
839 3543 971 3620 ibidem

81 3647 273 3723 Poenarum
292 3639 451 3738 auspiciis
469 3643 657 3717 mulctatur
669 3645 802 3718 lumine
817 3643 909 3724 diro.

140 3771 173 3843 3.
185 3745 291 3818 Tun'c
306 3746 450 3830 decreta
462 3738 533 3818 Dei
549 3741 730 3835 reserant,
757 3741 896 3838 dignuin
911 3743 993 3820 fore
1011 3744 1153 3842 poena'nt

82 3851 148 3926 De
162 3851 255 3922 coelo
269 3845 456 3920 Sodomis:
482 3840 594 3938 ipl'um
609 3843 771 3920 moruili'e
787 3843 934 3921 salutern

84 3949 237 4047 Justitiae
251 3945 380 4024 titulo:
405 3947 505 4050 Quin
519 3947 819 4128 ergozucingetis
833 3943 959 4028 istunc
991 4043 1086 4124 m
1121 3934 1132 3982 ⁴·

260 4065 320 4128 J·
629 4069 698 4144 ες
1023 4045 1102 4123 e&
