2634 4336
259 169 524 230 aovnsus
557 134 1013 232 Vnueurrurauo'r.
1092 172 1172 252 439

24 349 26 414 p
205 307 276 388 seb.
326 311 453 408 Itaque
477 317 560 392 etun
584 309 804 412 Demiurgus
835 313 1020 393 traducem
1045 311 1172 388 animae

24 417 25 424 '
192 412 389 488 committit
408 413 446 488 in
462 413 602 508 Adam,
627 416 734 488 latuit
753 415 866 490 bomo
881 411 1044 508 spiritalis
1064 411 1169 506 flatu,
1239 433 1249 442 “
1309 439 1310 442 ¹

22 521 25 598 ὲ
98 509 199 611 Jesus
215 511 388 608 insertus,
415 513 602 608 &pariter
620 517 769 608 corpori
784 513 968 606 inductum
996 516 1171 609 quianon

52 613 57 620 '
97 615 213 790 fingis
227 610 517 690 seurennoverat
531 615 653 690 matris
669 613 906 712 Demiurgus,
928 635 1032 708 quam
1047 610 1167 708 ipsam.
1261 660 1265 669 ι

139 735 189 786 oc
208 711 328 788 semen
345 713 527 788 ecclesiam
547 713 686 808 dicunt,
699 713 855 789 eeclefiae
872 711 1030 808 supernae
1045 714 1169 808 specu·

97 813 198 906 tum,
220 811 427 912 &bominis
441 811 594 892 censum.
628 813 786 890 Proinde
804 835 885 889 eurn
903 814 946 888 ab
961 813 1169 893 Achamoth

97 911 339 1010 deputantes,
373 913 672 1008 quemadmodum
692 915 877 992 animalem
898 935 919 986 a
941 911 1166 1012 Demiurgo:

95 1013 289 1104 choicum,
307 1011 496 1088 substantia
509 1013 634 1116 α’ρχηςς
650 1035 813 1106 carnem,
830 1013 990 1092 materia.
1040 1013 1166 1090 Habea
1207 1097 1209 1108 ,
1302 1001 1310 1094 ’,

94 1131 263 1208 novum,
289 1111 421 1206 idest,
448 1113 684 1210 quadruplum
699 1113 923 1210 Geryonem.

176 1215 232 1288 26.
265 1211 325 1286 Sic
349 1207 385 1286 u
408 1213 546 1290 exitum
572 1215 713 1312 singulis
739 1212 918 1290 dividunt
983 1207 1167 1288 Materiali

14 1396 15 1414 Ν
94 1309 271 1406 quidem,
301 1312 338 1386 id
364 1309 442 1406 est,
467 1315 621 1410 carnali,
648 1335 754 1409 quem
772 1313 807 1388 u
824 1311 1165 1406 smistrumvocant,

13 1500 15 1516 ,
93 1409 338 1490 indubitatum
354 1411 551 1492 interitum.
601 1411 760 1492 Animali
774 1435 888 1507 vero,
910 1433 1016 1508 quem
1032 1411 1165 1486 &dex-
1281 1425 1290 1436 ·

13 1565 14 1580 r
93 1521 194 1587 trum
210 1513 391 1605 appellant
407 1511 606 1588 dubitatum
624 1529 817 1610 eventum,
838 1527 970 1608 utpote
985 1515 1080 1588 inter
1092 1532 1164 1588 ma·

93 1612 260 1688 terialem
284 1609 546 1706 spiritalemque
575 1617 717 1690 nutanti
738 1613 772 1688 u
797 1615 879 1688 illac
900 1611 1058 1706 debito,
1094 1631 1165 1706 qua
1224 1660 1230 1669 ·
1308 1701 1310 1708 Α

11 1710 12 1794 J
93 1711 289 1810 plurimum
315 1710 491 1786 adnuerit
556 1710 727 1790 Ceterum
753 1711 944 1807 spiritalem
977 1714 1091 1788 emitti
1124 1711 1164 1788 in
1239 1736 1265 1768 ··
1284 1736 1307 1798 ·,

10 1867 11 1880 r
94 1813 257 1889 animalis
276 1811 607 1910 comparationem,
637 1829 680 1888 ut
703 1813 836 1888 erudiri
850 1835 931 1888 cum
949 1834 996 1886 eo
1013 1813 1164 1886 &exer-

9 1995 10 1998 i
94 1911 224 1986 ceriin
244 1909 580 1988 conversationibus
601 1913 717 2008 posit
768 1910 958 2012 Indiguisse
976 1913 1071 1988 enim
1089 1911 1162 1986 ani·
1291 1977 1295 1983 .

8 2069 9 2076 a
91 2011 225 2088 malem
244 2011 351 2086 etiam
367 2009 577 2088 sensibilium
594 2013 876 2110 disciplinarum
902 2013 940 2086 in
959 2011 1033 2088 hoc
1049 2011 1083 2086 u
1100 2031 1161 2105 pa·

91 2127 252 2186 caturam
282 2111 404 2186 mundi
429 2111 677 2208 prospectam,
712 2115 751 2188 in
774 2115 849 2190 hoc
874 2111 909 2186 dr
932 2111 1098 2188 Soterem
1121 2111 1161 2190 in
1198 2157 1201 2164 ,

92 2210 234 2308 mundo
262 2209 573 2309 representatum,
603 2217 642 2288 in
662 2211 809 2290 salutem
834 2210 970 2286 seilicet
989 2211 1160 2288 animalis.
1244 2220 1249 2237 '

89 2307 316 2386 Alia-adhuc
332 2313 595 2405 compontione
611 2309 872 2406 monstrosum,
906 2313 1042 2386 volunt
1059 2311 1160 2388 illum
1204 2314 1210 2324 '

91 2407 291 2508 prospicias
305 2431 428 2486 earum
443 2409 710 2488 substantiarum
725 2411 893 2504 induisse,
909 2431 1057 2504 quarum
1070 2407 1160 2488 sum·
1187 2487 1194 2501 ,
1233 2455 1239 2469 1

90 2531 189 2588 marn
211 2509 310 2584 saluti
329 2507 415 2584 esset
428 2509 654 2602 redaihuum
679 2527 721 2586 ut
740 2511 929 2608 spiritalem
943 2509 1086 2604 quidem
1106 2509 1182 2610 sug

91 2607 254 2704 sceperit¹
270 2613 313 2686 ab
331 2609 560 2691 Achamoth:
595 2614 780 2693 animalem
803 2632 917 2706 vero,
944 2631 1052 2706 quem
1068 2629 1159 2686 mox
1294 2613 1305 2648 ¹

7 2747 9 2760 1
89 2731 117 2787 c
132 2711 329 2806 Demiurgo
343 2711 479 2806 induit,
498 2707 686 2792 Christum.
729 2712 898 2788 Ceterum
914 2709 1157 2806 corporalem,

92 2829 144 2884 ex
167 2813 305 2889 animali
324 2807 535 2906 substantia,
561 2807 619 2888 sed
638 2813 732 2888 miro
751 2813 785 2890 δι
803 2811 1032 2892 inenarrabili
1048 2813 1157 2884 ratio·
1178 2847 1182 2854 ·
1302 2813 1303 2816 ’

58 2914 63 2923 “
91 2912 150 2986 nis
172 2911 315 3008 ingenio
334 2909 597 3004 constructum,
623 2911 934 2988 administrationis
949 2909 1100 2986 caussam
1116 2907 1157 2982 vi
1300 2935 1302 2984 ᾳ

7 3077 8 3084 Ν
92 3007 307 3102 contulisse,
334 3031 408 3104 quo
423 3009 622 3108 congressui
639 3011 891 3108 &conspeuui
905 3009 940 3084 u
955 3007 1158 3088 contractui
1299 3029 1301 3086 ἰ

92 3107 324 3184 &defnnttui
340 3111 375 3182 in
420 3111 485 3186 atis
499 3109 706 3208 subjaceret.
755 3111 946 3188 Materiale
966 3122 1085 3186 autem
1103 3105 1157 3182 ni·
1285 3121 1300 3179 ι·

90 3209 144 3286 hil
162 3211 198 3283 in
219 3211 284 3284 illo
301 3129 426 3304 ruins,
459 3223 590 3310 utpote
610 3207 727 3286 salutis
752 3215 929 3300 alienumr
964 3207 1057 3306 quast
1079 3207 1155 3280 aliis
1297 3263 1299 3302 3

89 3303 202 3385 strant
217 3307 450 3402 necessarius,
476 3331 579 3404 quam
598 3313 786 3410 egentibus
800 3309 921 3388 salute.
973 3305 1157 3382 Ettotum
1195 3344 1200 3354 ·

36 3444 41 3457 ·
88 3407 696 3504 hoc,utcarnisnostraebabitum
711 3409 900 3514 alienando
921 3405 1155 3502 acnristo,a
1295 3439 1297 3462 ¹

7 3597 9 3606 ‚
88 3505 154 3605 spe
174 3513 280 3586 etiarn
296 3507 414 3582 salutis
431 3511 623 3604 expellant
681 3559 688 3568 -
1129 3521 1131 3528 ’
1294 3577 1296 3592 .

146 3629 201 3702 27.
227 3609 336 3683 Nunc
357 3609 471 3684 reddo
493 3609 537 3684 de
554 3607 717 3702 Christo,
743 3611 779 3684 in
801 3625 906 3702 quem
925 3619 1027 3680 tanta
1044 3607 1154 3692 licen·
1293 3679 1295 3694 ε

89 3707 142 3784 tia
161 3705 289 3807 Jesum¹
303 3708 461 3784 inserunt
484 3701 653 3802 quidam,
688 3727 820 3802 quanta
841 3703 1012 3805 spriritale
1033 3703 1154 3780 semen
1292 3725 1295 3766 ³

90 3811 235 3890 animali
260 3827 342 3886 cum
366 3805 493 3888 inflatu
518 3808 736 3986 infuplciunta
771 3805 903 3886 fartilia
922 3803 1045 3886 nescio
1075 3821 1154 3896 quae
1291 3855 1293 3864 .

508 3969 511 3977 .
634 3929 706 4006 eg
