2540 4334
124 183 200 250 mr
226 159 645 254 Erectumque
669 172 1005 278 Cart-rrum.
1060 203 1160 284 1er

58 331 137 420 lum
154 355 233 413 non
254 335 355 410 vulta
385 336 437 410 ita
457 336 580 412 nostra
603 335 657 424 est
678 338 871 432 voluntas,
899 361 985 426 cum
998 341 1132 436 malurn

58 435 234 510 volumus
257 433 426 512 adversus
439 435 512 511 Dei
534 437 784 532 voluntatem,
810 439 871 530 qui
885 439 1022 516 bonum
1036 445 1130 534 vult.

55 529 182 608 Porro
199 534 224 610 fi
241 537 388 630 queris,
412 536 509 610 unde
523 537 648 612 veniat
662 535 724 610 ista
742 540 932 632 voluntas,
961 562 1030 634 qua
1044 541 1131 634 quid

55 633 235 708 volumus
249 635 417 710 adversus
431 635 503 710 Dei
521 637 762 712 voluntatem.
788 637 843 712 Ut
855 637 982 731 dicam,
1003 643 1047 714 eri
1063 663 1133 735 nq-

22 731 118 810 -bis
137 733 240 828 iplis,
271 755 340 810 nec
363 749 528 824 temere;
561 733 683 812 semini
704 739 797 812 enim
820 750 887 812 tuo
912 737 1130 834 respondeas

52 833 203 910 netelie
218 831 312 912 effa·
353 828 535 928 Siquidem
548 836 608 910 ille
621 835 787 932 princeps
807 841 946 933 generis
965 837 1131 925 &relidi
1256 901 1260 915 .

54 930 183 1010 Adam
201 934 322 1008 voluit
334 935 433 1030 quod
449 936 616 1028 deliquit:
637 939 865 1030 nequeenim
883 937 1046 1014 diabolus
1060 961 1130 1018 vo·

54 1033 239 1108 luntatem
266 1035 341 1130 ejus
373 1033 541 1130 imposuit
572 1035 821 1130 delinquendi,
854 1033 915 1112 sed
946 1039 1130 1138 materiam

54 1133 265 1208 voluntatis
281 1133 569 1210 subministravit.
620 1134 798 1214 Caererun
813 1139 987 1212 voluntas
1003 1137 1071 1212 Dei
1091 1141 1132 1243 ip

57 1232 331 1310 obaudientiam
350 1248 511 1312 venerat.
563 1235 720 1312 Proinde
746 1235 781 1310 dt
804 1249 846 1317 tu
869 1235 896 1312 st
918 1258 995 1312 non
1020 1239 1133 1312 obau-

54 1333 170 1408 dieris
193 1331 301 1428 De0,
328 1333 390 1426 qui
411 1351 449 1408 te
470 1336 658 1430 proposito
680 1357 751 1430 prae
822 1349 864 1410 to
883 1335 1004 1412 liberm
1024 1352 1131 1436 pote-

52 1431 161 1510 statis
184 1431 358 1528 instituit,
400 1456 464 1532 per
484 1437 733 1510 voluntatisli
818 1451 912 1514 atem
934 1437 1067 1528 vqlens
1091 1452 1132 1513 te

54 1533 167 1628 vergi
183 1531 263 1608 linit
275 1533 375 1628 quod
385 1533 486 1610 Deus
502 1537 639 1610 noluit:
656 1536 707 1608 ita
723 1536 872 1630 deputat
889 1537 1036 1610 diabolo
1053 1533 1132 1612 sub·

55 1631 228 1727 versum,
256 1637 317 1730 qui
336 1633 372 1708 u
391 1635 416 1710 li
435 1637 517 1710 vult
533 1647 572 1710 te
592 1635 690 1710 velle
704 1637 802 1730 quod
819 1636 921 1710 Deus
939 1657 1016 1710 non
1030 1639 1130 1732 vult,

54 1754 142 1810 non
166 1748 287 1810 tamen
310 1734 399 1812 facit
420 1749 463 1810 ut
486 1733 520 1810 u
540 1735 652 1808 velis:
686 1735 768 1826 quia
785 1753 854 1810 nec
877 1746 965 1810 tunc
989 1736 1130 1822 invitqe

56 1833 311 1934 protoplastos
336 1835 380 1910 ad
398 1835 629 1912 voluntatem
647 1831 764 1910 <tenui
784 1833 946 1932 subegit,
972 1833 1049 1910 imo
1067 1857 1132 1930 ne·
1198 1869 1203 1878 ¹

56 1955 134 2028 que
150 1935 310 2030 invitos,
328 1957 448 2030 neque
461 1937 670 2034 ignorantes
686 1934 772 2030 quid
787 1933 887 2012 Deus
903 1935 1039 2028 nollet,
1060 1939 1132 2012 uti·
1181 1976 1185 1986 ·

56 2055 134 2128 que
153 2035 247 2110 enim
261 2035 412 2112 nolebat
428 2033 530 2130 lieri,
556 2035 615 2110 cui
638 2033 783 2112 admiffo
803 2049 960 2110 mortem
980 2031 1131 2130 destina·

56 2133 145 2212 bat:
169 2135 220 2210 ita
238 2134 372 2210 diaboli
391 2157 484 2231 opus
500 2155 612 2212 unum
630 2133 683 2210 est
697 2149 898 2230 temperare
916 2133 1015 2228 quod
1034 2134 1072 2210 in
1090 2150 1130 2212 te

58 2233 140 2326 est,
166 2255 211 2312 au
236 2235 340 2312 velis.
391 2231 446 2310 At
466 2235 529 2312 ubi
551 2233 720 2330 voluisti,
754 2233 911 2327 sequitur
932 2247 975 2308 ut
997 2247 1036 2308 te
1064 2235 1130 2332 sibi

55 2333 220 2430 subigat,
246 2357 323 2410 non
340 2349 511 2432 operatus
526 2335 566 2410 ln
588 2349 626 2410 te
644 2337 898 2428 voluntatem,
923 2329 984 2410 sed
1004 2333 1129 2428 natiue

55 2431 310 2534 poffeffionen
340 2437 553 2512 voluntatis.
607 2433 720 2534 Igitur
747 2455 830 2510 cum
852 2431 966 2510 solum
993 2435 1062 2508 etit
1089 2436 1130 2512 'm

56 2535 171 2611 nobis
188 2537 307 2630 velle,
337 2535 376 2610 iri
397 2535 471 2610 hoc
490 2535 644 2630 probat,
667 2532 792 2610 nostra
814 2536 851 2608 in
868 2533 990 2610 Deum
1009 2553 1128 2628 mem,
1248 2549 1251 2558 ’

57 2655 109 2718 att
126 2658 169 2712 ea
185 2637 338 2710 velimus
352 2657 430 2730 quae
445 2658 526 2712 curn
539 2636 734 2712 voluntate
749 2635 825 2728 ejus
842 2633 987 2726 sapiant
1070 2706 1072 2714 ,

138 2755 174 2830 3.
199 2733 287 2812 Alte
307 2735 471 2834 imprelie
491 2735 760 2832 recogitandam
780 2731 849 2810 elle
869 2732 953 2807 dico
971 2731 1043 2806 Dei
1058 2750 1128 2813 vo·

57 2837 257 2930 duritatem,
276 2835 362 2929 quid
379 2837 485 2912 etiam
499 2835 701 2912 inocculto
717 2835 830 2928 velit,
853 2853 931 2926 quae
945 2832 1041 2911 enirn
1055 2851 1128 2926 ma·

55 2933 220 3030 ntfesto,
246 2933 371 3013 sumus
391 2957 544 3030 omnes,
571 2955 684 3030 eaque
702 2932 775 3030 ipsa
797 2935 948 3027 qualiter
965 2934 1003 3008 in
1018 2930 1129 3008 mani·

56 3033 156 3110 festo
177 3034 271 3126 lint,
305 3033 589 3132 perspiciendum
609 3033 671 3110 est
730 3033 828 3110 Num
847 3033 873 3108 li
895 3033 1054 3126 quedam
1072 3029 1128 3102 ui·

57 3135 195 3210 dentur
210 3135 440 3214 voluntatem
453 3135 524 3212 Dei
540 3133 667 3232 sapere
677 3133 760 3208 dum
777 3155 799 3208 a
814 3131 899 3208 Deo
913 3131 1129 3229 permittun-

56 3249 153 3330 tur,
169 3255 246 3310 non
266 3233 386 3312 statim
405 3255 513 3312 omne
534 3235 633 3330 quod
654 3233 896 3332 permittitur,
922 3225 1129 3320 &membr

55 3345 144 3412 tota
165 3336 358 3412 voluntate
375 3335 544 3434 procedit
563 3335 662 3432 ejus,
698 3335 758 3428 qui
778 3331 976 3428 permittit:
1011 3349 1057 3404 ex
1074 3329 1128 3402 in·

57 3433 245 3534 dulgentia
266 3433 339 3528 est,
372 3433 613 3530 quodcunque
635 3434 867 3530 permittitur.
928 3433 1020 3529 Qum
1041 3425 1076 3502 dt
1100 3427 1128 3506 li

56 3535 133 3612 stne
159 3537 352 3610 voluntate
374 3557 453 3610 uon
476 3533 556 3630 est,
593 3535 675 3632 quia
695 3548 817 3608 tamen
841 3531 991 3622 aliquam
1014 3529 1127 3604 habet

58 3631 215 3712 eauffim
228 3636 266 3708 in
284 3635 373 3708 loco
393 3635 451 3708 cui
467 3633 691 3732 indulgetur,
717 3629 871 3726 quande
889 3615 1006 3710 intua
1020 3629 1128 3702 venit

57 3736 257 3814 voluntate
275 3733 371 3830 palla
391 3731 542 3808 canuam
565 3733 637 3826 sui,
663 3753 741 3826 quae
763 3731 865 3829 cogit
885 3731 1126 3806 voluntatem

56 3833 158 3914 Vide
176 3833 290 3934 qualia
310 3835 356 3914 srt
372 3828 668 4014 voluptaaHeiuq,
698 3831 800 3932 cujus
816 3833 928 3912 utera
942 3831 985 3910 stt
999 3821 1129 4004 eggis&
