2586 4334
88 183 96 210 ⁸
161 189 234 276 560
309 178 1071 288 Q,serr.rror.Trrrurr1rrr

562 325 565 332 ι
1128 334 1130 347 ,
1264 310 1270 341 l

161 346 284 420 murae
303 345 501 442 vigorantis
518 365 563 420 ex
576 347 656 420 vite
670 344 808 422 Christi.
860 345 960 420 Sicut
977 343 1134 440 &ipsam
1145 349 1214 423 te·
1267 390 1271 419 2

134 447 236 518 'ram
250 439 421 550 sanilam,
445 441 630 540 Judaicum
645 445 791 542 proprie
803 443 915 520 solum
926 459 1118 540 reputant,
1143 463 1214 520 car-

118 610 128 654 ,
160 565 244 620 nem
266 545 388 637 potius
412 543 550 620 domini
574 539 898 642 interpretandam,
935 567 1012 638 quae
1033 544 1215 620 exinde&
1268 532 1273 564 ¹

54 704 57 714 ,
126 670 128 678 ·
159 643 198 716 in
219 645 384 718 omnibus
401 643 575 738 Christum
594 645 747 738 indutis,
782 643 894 718 sanila
915 645 957 718 sat
978 659 1094 738 terra,
1127 663 1213 720 vere

156 741 300 836 sanita,
335 763 401 836 per
427 743 625 816 incolatum
646 741 786 838 spiritus
804 736 926 818 sandi:
960 762 1048 818 vere
1069 741 1213 818 lacte&
1270 820 1275 836 ,

158 845 264 918 melle
280 863 452 938 manans,
485 863 549 936 per
568 841 777 918 suavitatem
796 841 868 938 spei
890 843 1012 939 iplius:
1025 897 1030 918 ,
1045 865 1134 918 vere
1155 845 1176 940 J
1200 883 1213 901 ·

159 943 257 1038 daea,
272 963 338 1038 per
352 941 424 1016 Dei
439 938 736 1032 familiaritatem
750 964 827 1024 non
842 949 935 1018 enim
954 940 1012 1036 qui
1027 941 1211 1018 manifesto
1276 975 1277 981 Ν

160 1041 303 1142 Judoeus
324 1040 384 1115 sed
400 1043 510 1134 quiin
529 1044 702 1138 occulto,
729 1043 821 1115 ut&
843 1040 1013 1136 templum
1029 1045 1152 1120 eadem
1173 1045 1215 1118 fit

161 1139 462 1236 &Hierusalem,·
479 1141 623 1216 audiens
643 1146 686 1216 ab
704 1139 826 1244 Esaia,
853 1131 981 1238 exurg'e,
1008 1135 1117 1238 exurge
1134 1145 1213 1216 Hia-

158 1246 310 1332 tusaiem,
336 1245 432 1316 indue
438 1241 665 1336 fortitudinem
693 1243 814 1314 lercha·
834 1248 902 1334 nri,
931 1245 1057 1338 Exurge
1069 1247 1154 1342 fierit
1178 1249 1216 1314 in

144 1344 353 1444 primordio,
377 1339 510 1432 scilicet
530 1341 646 1418 inilia
670 1341 875 1440 integritate
903 1363 970 1436 qua
991 1333 1109 1419 fuerat
1130 1355 1214 1418 ante

159 1441 325 1520 delictum
346 1441 637 1538 transgreffionis.
691 1445 780 1540 Quae
800 1443 894 1520 enim
909 1445 944 1516 in
960 1441 1215 1520 eamHierusa·

157 1545 230 1620 lem
249 1563 363 1618 voces
392 1543 567 1635 ejusmodi
589 1553 800 1638 competent
821 1543 1083 1642 exhortationis
1108 1543 1216 1624 &ad-

159 1643 388 1736 vocationis,
415 1663 492 1734 quae
509 1643 642 1716 occidit
661 1642 857 1738 prophetas
874 1641 909 1716 'ar
926 1641 1099 1736 lapidavit
1118 1643 1162 1716 ad
1179 1640 1216 1718 se

158 1742 307 1836 missos,
348 1739 520 1836 &ipsum
547 1739 729 1836 postremo
761 1739 943 1818 dominum
978 1739 1077 1816 suum
1103 1737 1216 1818 confi·
1266 1769 1268 1776 ·

160 1841 240 1923 xit?
265 1841 336 1939 Sed
356 1863 425 1914 nec
447 1843 510 1916 ulli
533 1842 682 1916 omnino
702 1855 806 1916 terrae
828 1839 917 1914 salus
936 1843 1215 1939 repromittitur,

158 1965 263 2036 quan
286 1953 479 2038 oporteret
499 1961 580 2014 curn
601 1942 715 2014 totius
733 1941 855 2014 mundi
875 1941 998 2016 habitu
1019 1943 1213 2036 praeterire.
1281 1949 1282 1956 '

157 2039 318 2116 Etiamli
338 2040 414 2132 quis
439 2041 585 2114 audebit
603 2053 732 2114 terram
756 2039 903 2114 santiam
925 2039 1122 2136 paradisum
1148 2065 1215 2139 po-
1252 2093 1254 2106 ·
1281 2063 1283 2092 ¹

157 2143 228 2216 tius
248 2139 509 2238 argumentari,
535 2159 638 2230 quam
653 2139 686 2213 tr
699 2153 839 2236 patrum
865 2141 934 2213 dici
961 2142 1096 2236 capiat,
1122 2137 1216 2220 Adae

156 2241 292 2316 scilicet
315 2239 349 2314 dc
372 2233 486 2328 Evae,
523 2239 676 2335 proinde
703 2239 736 2314 dr
759 2239 795 2314 in
818 2239 1013 2334 paradisum
1034 2239 1217 2318 restitutio

158 2340 255 2416 carni
271 2339 452 2414 videbitur
469 2337 699 2434 repromissa,
734 2360 810 2432 quae
828 2362 913 2414 eum
926 2341 1086 2414 incolare
1105 2340 1139 2432 dp
1155 2363 1217 2420 cu·

111 2494 116 2505 -
156 2439 290 2518 stodire
312 2435 438 2512 sortita
466 2437 543 2534 est,
578 2439 620 2512 ut
643 2439 721 2512 talis
747 2439 832 2512 illuc
857 2441 970 2516 homo
999 2455 1215 2539 revocetur,

143 2541 267 2636 ·qualis
284 2539 368 2616 inde
384 2537 501 2634 pulsus
520 2535 581 2613 est.
863 2619 871 2626 ,

231 2659 289 2717 27.
323 2637 504 2712 Habemus
528 2639 634 2712 etiarn
659 2635 951 2712 vestimentorum
972 2639 1008 2712 in
1031 2637 1217 2734 scripturis

147 2740 376 2820 mentionem
392 2737 435 2810 ad
452 2735 548 2832 spem
567 2734 681 2812 carnis
697 2739 947 2835 allegorizare,
969 2737 1050 2830 quia
1063 2739 1096 2812 dt
1111 2739 1218 2838 Apo·

156 2836 305 2934 calypsls
319 2833 516 2933 Iohannis,
541 2841 578 2909 hi
589 2839 687 2928 sunl,
714 2839 764 2912 ait
770 2889 783 2935 ,
809 2841 865 2938 qui
875 2837 1058 2935 uejiimmlo
1072 2839 1132 2928 suo
1146 2830 1217 2914 raom

155 2943 449 3040 coinquinaverunt
463 2964 531 3010 cum
548 2939 745 3026 mulieribus,
770 2937 927 3036 virgines
940 2935 1074 3012 scilices
1087 2939 1219 3036 signifi·

155 3059 265 3134 calls,
295 3035 406 3134 &qui
427 3041 602 3138 frmelipfhs
626 3039 845 3136 castraverunt
868 3054 991 3134 propter
1016 3063 1109 3132 regnu
1126 3043 1218 3118 coeie·

156 3165 238 3213 rum.
289 3135 415 3230 Itaque
435 3139 472 3216 in
493 3137 579 3236 albia
602 3151 713 3236 erunt.
727 3127 907 3229 vestibus,
933 3135 969 3210 id
985 3126 1060 3231 est,
1086 3141 1122 3214 in
1142 3143 1215 3221 cla-

153 3241 283 3334 ritate,
309 3236 347 3315 iu
362 3239 460 3312 nube
481 3239 616 3334 carnis,
643 3237 677 3310 δι
698 3234 737 3312 in'
755 3237 944 3332 evangelio
964 3237 1218 3320 indumentum

150 3339 342 3432 nuptiale,
380 3335 539 3411 tanaitas
575 3339 688 3412 carnis
722 3333 863 3436 agnosci
894 3336 1023 3432 potest
1084 3337 1218 3434 ltaque

150 3429 271 3512 Esaias
298 3434 434 3510 docens
453 3437 556 3530 quale
573 3437 751 3530 jejunium·
766 3437 914 3535 elegerit
938 3437 1103 3513 dominus
1128 3461 1218 3520 cum

150 3532 293 3628 subjicit
316 3534 361 3612 de
381 3535 548 3612 mercede
574 3532 771 3630 bonita'tir,
804 3558 901 3628 runc,
932 3537 1071 3632 inquit,
1103 3539 1218 3616 hrum

150 3649 243 3708 inum
259 3641 491 3732 temporaneum
508 3655 645 3736 erumpat
662 3635 702 3714 o
714 3635 901 3734 vestimenta
914 3653 972 3710 tua
988 3644 1084 3710 citius
1100 3651 1216 3727 arien-

122 3739 123 3742 ‘
149 3751 226 3820 rur,
251 3755 328 3810 non
340 3731 548 3811 subsericam
559 3737 684 3832 utique
700 3759 769 3814 nec
785 3737 949 3831 pallium,
977 3733 1036 3814 sed
1051 3761 1216 3840 carnem,

148 3833 282 3913 volens
307 3833 422 3932 accipi
441 3839 702 3950 'ortumucarois
723 3835 991 3938 resurreiiurae,
1018 3841 1063 3916 de
1082 3845 1218 4018 marsacis

514 3989 516 3991 ·
600 3956 605 3965 ’
964 4011 966 4016 .
1022 3961 1099 4021 -occ
1136 3965 1164 4020 u
