2926 4372
165 217 171 230 ¹
263 193 334 278 att
416 153 1168 294 Q.sare.rt,otrn'eet1m

256 353 470 448 illatarum,
496 365 627 451 optans
654 354 760 430 etiam
782 367 825 428 nt
845 355 1240 450 praenotatam-oui
1259 355 1329 432 eir.

258 453 509 530 cumcilionem
528 453 755 530 detinendam
772 451 975 532 suadebant.
1039 455 1164 548 Atque
1184 457 1329 538 utinam

257 551 293 631 dt
314 549 392 646 isti,
423 554 483 646 qui
503 574 636 628 meram
659 553 836 630 &veram
855 555 1096 654 integritatem
1115 559 1241 630 carnis
1264 559 1327 630 ob·

256 666 447 748 truncant,
474 667 698 750 amputantes
716 675 793 729 non
810 651 974 732 summam
989 651 1243 750 superficiem,
1270 653 1327 734 sed

254 753 414 830 numam
428 751 575 850 effigiem
594 751 741 848 pudoris
757 753 884 848 ipsius,
910 775 1018 848 quum
1030 755 1179 832 moechis
1200 755 1242 828 dt
1254 755 1327 830 sor·

255 854 476 928 nicatoribus
500 854 642 930 veniam
662 855 881 946 pollicentur
896 851 1063 930 adversus
1084 853 1326 950 principalem

256 951 442 1028 Christiani
461 953 615 1028 nominis
635 951 873 1048 disciplinam,
907 975 1012 1048 quam
1031 953 1143 1048 ipsum
1172 973 1326 1048 quoque
1359 1031 1360 1046 ,

254 1049 410 1126 seculum
433 1073 547 1144 usque
571 1051 662 1126 adeo
689 1053 870 1148 testatur,
902 1067 944 1126 ut
966 1053 992 1128 s1
1016 1053 1160 1145 quando
1182 1058 1326 1132 carnin

254 1149 394 1232 feminis
410 1151 539 1226 nostris
554 1153 827 1244 inquinamentis
838 1153 965 1250 potius
987 1154 1102 1226 carnis
1120 1173 1235 1246 quam
1252 1169 1325 1228 tor·

235 1253 382 1342 ·rnentis
410 1251 537 1344 punire
566 1253 793 1348 contendat,
826 1251 863 1328 id
888 1255 1019 1328 volens
1047 1253 1189 1348 eripere
1222 1253 1326 1348 quod

252 1351 339 1426 vite
363 1363 601 1443 anteponunt.
653 1350 724 1426 Sed
741 1355 812 1446 jam
835 1354 912 1428 hac
930 1353 1045 1450 gloria
1065 1351 1324 1450 exstinguitur,

252 1449 289 1526 bt
303 1451 446 1544 quidem
465 1470 530 1544 per
548 1471 635 1543 eos,
662 1471 754 1543 quos
777 1465 882 1528 tanto
903 1449 1124 1528 constantim
1139 1468 1324 1546 oportue·

250 1555 322 1642 ratss
340 1549 516 1646 ejusmodi
546 1551 694 1629 maculis
724 1553 856 1628 nullam
888 1549 1106 1626 subscribere
1139 1553 1321 1648 veniam,

251 1647 403 1744 quando·
417 1663 613 1746 propterea
637 1651 805 1746 quotiens
824 1654 958 1728 volunt
977 1652 1137 1746 nubant,
1164 1672 1215 1726 ne
1236 1673 1322 1727 moe·

252 1746 402 1828 chiae&
430 1747 665 1828 fornicationi
691 1751 872 1828 succidere
903 1763 1079 1848 cogantur
1093 1753 1322 1844 >quoniam

103 1889 104 1894 1
250 1854 364 1925 mlius
383 1851 422 1947 p
443 1857 561 1922 nubere
582 1875 676 1948 quam
701 1857 767 1924 uri.
820 1851 999 1928 Nimirum
1021 1863 1173 1944 propter
1199 1853 1320 1926 conti·

249 1951 409 2024 nentlam
424 1949 687 2026 incontinentia
701 1947 893 2026 necessaria
909 1949 980 2042 est,
1005 1949 1213 2026 incendium
1232 1953 1320 2048 igni·

249 2050 317 2128 bus
342 2047 594 2146 exstinguetur.
617 2106 622 2118 1
646 2047 721 2122 Cur
743 2069 832 2146 ergo
855 2050 891 2148 dt
912 2049 1061 2152 crimina
1083 2047 1319 2144 polbnodura

197 2150 200 2173 ¹
249 2147 669 2246 indulgentpoenitentiae
685 2147 852 2243 nomine,
884 2169 1037 2242 quorum
1053 2147 1213 2224 remedia
1229 2171 1318 2246 prte-

248 2245 401 2324 stituunt
419 2249 702 2324 multinubentiae
721 2247 826 2342 jurei
858 2247 954 2327 Nam
977 2247 1011 2324 dr
1033 2249 1192 2326 remedia
1208 2272 1319 2326 vaca·

249 2349 342 2426 bunt
370 2368 452 2422 cum
485 2348 634 2436 crimina¹
660 2349 917 2446 indulgentur,
955 2347 990 2422 dr
1022 2349 1171 2426 crimina
1194 2373 1318 2428 manc·

248 2451 342 2524 bunt
362 2447 388 2522 s1
409 2448 565 2524 remedia
581 2451 774 2525 vacabunt
824 2448 950 2544 Itaque
962 2449 1159 2542 utrobique
1178 2449 1227 2524 de
1247 2451 1317 2526 sol·

246 2548 433 2626 licitudine
457 2547 729 2644 &negligentia
752 2547 900 2644 ludunt,
935 2547 1176 2644 precavendo
1197 2541 1316 2628 vanis

247 2647 332 2726 fime
350 2648 478 2740 quibus
496 2661 666 2744 parcum:
695 2647 931 2746 &parcendo
947 2647 1157 2744 ineptillime
1181 2649 1314 2744 quibua

246 2763 472 2844 praecavent:
498 2769 577 2822 cum
597 2762 659 2824 aut
674 2749 950 2844 praecavendum
965 2766 1043 2822 non
1059 2747 1123 2840 lit,
1149 2749 1215 2824 ubi
1234 2771 1314 2844 par.

247 2839 360 2924 cr‘tur'r
384 2860 447 2922 aut
458 2847 676 2940 parcendum
693 2847 769 2926 non
785 2849 851 2942 fit,
867 2849 930 2924 ubi
944 2859 1180 2944 precaretur.
1221 2847 1314 2924 Prae

248 2961 382 3024 cavent
399 2949 494 3024 enim
509 2947 602 3042 quest
617 2948 737 3043 nolint
752 2948 890 3026 admitti
903 2949 975 3022 tale
989 2945 1094 3042 quid3
1119 2947 1314 3046 indulgent

247 3060 394 3142 auten,
426 3049 521 3142 quafi
542 3049 658 3124 velint
676 3048 832 3124 admitti:
866 3047 1011 3141 quando
1033 3043 1059 3122 st
1082 3046 1225 3122 admitti
1246 3069 1312 3124 no·

244 3149 333 3241 lint,
349 3167 426 3222 non
440 3148 594 3224 debeant
607 3147 809 3244 indulgere:
834 3145 858 3222 st
874 3147 1057 3244 indulgere
1072 3147 1210 3242 velint,
1232 3169 1312 3226 non

245 3247 402 3324 debeant
420 3267 634 3344 precavere.
686 3245 770 3324 Nec
786 3249 881 3324 enim
895 3245 1044 3322 noenia
1059 3240 1310 3327 &fornicatio

246 3347 292 3426 de
311 3347 464 3424 modicia
482 3347 517 3422 br
537 3347 582 3422 de
599 3349 758 3424 maximis
781 3345 915 3422 desinis
938 3346 1235 3442 deputabuntur,
1268 3359 1311 3425 ut

243 3459 437 3540 utrimque
451 3460 655 3542 competat,
682 3445 717 3520 bt
736 3445 940 3520 sollicitudo
954 3467 1031 3538 que
1045 3462 1255 3542 praecavet,
1277 3447 1311 3524 dt

244 3543 412 3626 securitas
425 3569 502 3641 quae
516 3547 688 3644 indulget.
738 3545 903 3622 Sedcum
921 3568 964 3622 ea
981 3545 1142 3636 sintque
1161 3547 1310 3624 culmen

245 3645 431 3722 criminum
452 3661 620 3740 teneant,
646 3667 724 3722 non
740 3647 841 3740 ¹capit
860 3646 896 3720 dt
914 3645 1089 3742 indulgeri
1110 3645 1208 3738 quasi
1229 3669 1309 3720 mo-

245 3746 347 3841 dica,
374 3746 619 3844 &precaveri
636 3746 729 3840 quali
749 3747 911 3822 maxima.
958 3743 1080 3820 Nobis
1094 3757 1219 3822 autern
1236 3768 1308 3822 ma·

245 3845 421 3926 rimaran
443 3843 575 3931 summe
590 3845 638 3924 fic
659 3864 805 3942 quoque
823 3857 1100 3944 precarentur,
1129 3841 1307 4022 ἐπαΐξαι
