2596 4336
211 227 498 290 'tortusue
521 207 975 292 Vntuurrnrnuos.
1026 225 1028 232 ·
1058 229 1133 308 4η

2 384 13 441 t
86 382 109 402 ··
143 393 202 468 32.
227 369 393 449 Humana
408 393 502 447 veto
516 393 603 468 gens
618 375 655 448 in
669 375 739 448 hos
756 373 874 448 exitus
887 373 973 462 ibit;
996 369 1136 448 choica

2 486 13 538 l
67 475 104 552 dt
121 474 313 549 materialis
334 487 454 568 nota,
479 485 600 547 toturn
614 475 818 550 interitum:
845 475 928 568 quia
946 478 1046 544 omnis
1064 495 1138 546 caro

2 583 11 638 l
63 576 203 672 senam,
254 572 304 646 Et
322 573 438 648 anima
450 573 616 648 mortalis
635 573 730 668 apud
748 575 851 667 illos,
876 573 939 648 nisr
957 591 1035 666 quae
1048 569 1137 646 salu·
1254 625 1257 632 .

2 687 9 742 t
45 663 48 670 ’
67 687 144 752 tem
158 671 230 748 fide
245 673 438 750 invenerit
491 673 673 769 Justonrm
689 673 833 766 anime,
851 671 974 765 idest,
990 671 1135 768 nostre,

2 781 7 833 l
66 776 115 850 ad
132 773 368 868 Demiurgum
390 773 428 847 in
449 771 650 848 medietatis
673 774 926 867 receptacula,
962 769 1139 847 transmit·

2 900 5 925 ·
65 887 205 950 tenna.
261 870 413 970 Agimus
431 873 584 971 gratias,
619 873 785 946 contenti
804 873 934 948 erimus
954 891 1035 948 cum
1051 873 1137 948 Deo
1213 914 1222 925 -

1 987 5 1040 ι
67 973 195 1050 noluo
214 969 405 1066 deputari,
430 993 499 1066 qua
518 971 664 1066 census,
689 973 779 1047 nihil
798 973 948 1046 animale
964 969 1139 1047 inPlero·
1202 1019 1207 1035 ·
1262 975 1274 986 '

1 1089 4 1140 l
67 1075 173 1150 matis
196 1065 366 1167 palatium
390 1071 608 1168 admittitur,
627 1073 704 1146 nist
726 1071 882 1166 spiritale
900 1091 1050 1148 examen
1064 1073 1140 1148 Va·

2 1191 4 1240 l
67 1173 209 1250 lentini.
227 1171 324 1248 ,illie
338 1172 459 1264 itaque
471 1173 589 1267 primo
606 1171 848 1266 despoliantur
860 1171 1049 1264 homines,
1060 1169 1139 1268 lpll,

2 1311 3 1318 κ
68 1264 200 1364 idest,
224 1269 429 1347 interiores.
480 1270 682 1366 Despoliari
707 1287 827 1348 autem
852 1269 925 1366 est,
952 1272 1141 1368 deponere

69 1373 224 1464 mimas,
251 1371 379 1464 quibus
396 1371 512 1446 induti
528 1372 768 1466 videbantur,
794 1391 926 1465 easque
938 1369 1140 1470 Demiurgo

65 1469 134 1547 suo
164 1469 345 1564 reddent,
382 1491 467 1564 quas
492 1471 535 1546 ab
562 1489 610 1546 eo
633 1485 852 1546 auerterant
912 1471 980 1564 Ipll
1005 1485 1141 1570 autem,

68 1571 214 1668 spiritus
231 1569 406 1645 intutum
424 1569 514 1646 fient
528 1573 806 1646 intelledluales:
831 1591 949 1664 neque
962 1571 1142 1666 detentui,

68 1691 191 1764 neque
213 1669 419 1770 conspectui
445 1671 623 1765 obnoxii,
651 1685 758 1764 atque
780 1673 832 1746 ita
853 1668 1079 1745 invisibiliter
1101 1671 1142 1746 in

67 1771 239 1848 Pleroma
257 1769 480 1864 recipiuntur
497 1770 643 1860 stutima
668 1772 692 1844 sr
712 1771 763 1845 ita
785 1769 855 1863 est,
878 1769 964 1862 quid
983 1769 1141 1855 deinde?

16 1939 26 1960 ,
69 1869 221 1966 Angelis
248 1864 522 1964 distribuentur,
556 1869 765 1946 satellitibus
786 1869 947 1959 Soteris;
982 1871 1021 1944 in
1042 1867 1141 1946 filios

68 1967 207 2144 gutasi
234 1989 333 2057 non;
364 1969 422 2046 sed
445 1972 483 2044 in
506 1971 749 2064 adparatores.
800 1969 966 2046 Neistud
986 1969 1142 2063 quidem.
1188 1977 1192 1984 '

99 2071 202 2144 edin
226 2069 426 2166 imagines?
457 2071 596 2146 utinam
617 2074 679 2146 uel
699 2071 773 2146 hoc
794 2072 920 2164 inquit.
972 2067 1091 2162 Erro,
1115 2069 1143 2147 sr

67 2189 153 2246 non
167 2183 273 2264 putet
285 2169 405 2244 dicere
415 2173 452 2243 in
469 2169 622 2264 sponsas.
672 2169 780 2245 Tunc
796 2171 846 2246 illi
858 2171 1004 2244 Sabinas
1021 2185 1142 2264 raptas

68 2271 168 2346 inter
182 2267 217 2344 se
232 2269 277 2344 de
291 2271 527 2348 matrimoniis
539 2269 697 2346 iaudent.
749 2271 838 2346 Haec
853 2271 923 2344 erit
936 2267 1143 2365 spiritalium

65 2389 235 2448 merces:
268 2369 342 2444 hoc
363 2369 545 2463 premium
571 2367 753 2446 credendi.
804 2369 947 2446 Fabulae
966 2372 1055 2444 tales
1073 2371 1145 2444 uti·

65 2471 150 2563 les,
176 2481 218 2542 ut
234 2469 403 2560 Marcus,
438 2485 520 2564 aut,
554 2469 665 2563 Gajus
685 2470 723 2544 in
742 2471 835 2546 hanc
856 2489 999 2546 carnem
1019 2471 1146 2544 barba·

68 2585 159 2664 tus,
192 2567 462 2644 &nac-anima
485 2569 651 2664 sevenrs,
682 2571 852 2663 maritus,
883 2585 1009 2664 pater,
1037 2589 1143 2666 avus,

66 2687 254 2768 proavus:
278 2683 379 2744 certe
393 2669 491 2764 quod
503 2667 651 2766 sufficit,
669 2667 863 2760 masculus3
889 2672 926 2742 in
943 2667 1149 2764 symphona

70 2769 313 2863 Pleromatis,
337 2774 381 2844 ab
408 2771 564 2867 angel03
595 2769 752 2846 tacendo
772 2771 845 2863 jam
866 2770 965 2862 dixi,
993 2769 1145 2846 &forli-

71 2881 144 2942 tan
161 2870 273 2964 parias
292 2867 443 2961 aliquem
464 2868 691 2963 Onesimum,
716 2891 868 2948 aeonem.
926 2869 993 2944 His
1008 2872 1144 2964 nuptiis
1261 2909 1265 2914 ·

67 2967 174 3043 reste
185 2968 403 3042 deducendis
418 2985 488 3064 pro
502 2968 582 3042 face
596 2969 630 3042 dt
645 2969 833 3064 flammeo,
852 2983 943 3043 tunc
956 2971 1067 3044 credo
1080 2967 1143 3044 alle

65 3069 168 3166 ignis
185 3087 334 3144 arcanus
356 3077 538 3162 erumpet,
567 3069 601 3142 dt
619 3067 822 3144 uniuersam
842 3067 1067 3146 substantiam
1083 3069 1145 3144 de-

103 3170 292 3262 opulatus,
317 3167 390 3261 ipse
412 3185 557 3261 quoque
577 3167 790 3242 decineratis
814 3171 982 3244 omnibus
998 3169 1036 3240 in
1053 3170 1144 3244 nihi·

66 3189 331 3358 funeraretur,
358 3265 506 3340 &nulla
517 3269 589 3360 jam
606 3267 736 3344 sabula.
789 3265 859 3343 Sed
875 3285 930 3342 nae
949 3289 1019 3364 ego
1031 3281 1145 3344 teme·

72 3369 213 3462 rarius,
230 3367 291 3462 qui
306 3381 445 3442 tantum
457 3367 714 3443 sacramentum
729 3367 837 3444 etiam
849 3365 1046 3442 inludendo
1059 3387 1146 3463 pro·
1259 3351 1271 3437 ’,

66 3467 237 3543 diderim.
289 3467 501 3540 Verendum
524 3467 608 3542 mihi
626 3468 700 3562 est,
733 3489 781 3542 ne
801 3467 1032 3562 Achamoth,
1066 3489 1147 3562 quae
1189 3459 1192 3479 '

69 3567 113 3644 se
140 3587 210 3639 nec
233 3565 311 3641 filio
338 3567 494 3664 agnitam
518 3569 669 3660 voluit,
704 3567 881 3661 insaniat,
916 3587 964 3641 ne
986 3566 1148 3646 Philetus

68 3663 275 3758 irascatur,
306 3689 354 3741 ne
376 3665 539 3741 Fortuna
561 3667 763 3742 acerbetur.
814 3666 865 3740 Et
888 3681 1009 3744 tamen
1031 3669 1146 3746 homo

72 3768 152 3844 sum
177 3767 385 3863 Demiurgi,
416 3767 489 3840 illic
511 3765 630 3840 habeo
655 3764 873 3861 devertere,
899 3767 1067 3862 ubi'poil
1087 3791 1150 3852 ex·

75 3865 215 3946 celsum
234 3867 387 3944 cumino
411 3885 490 3946 nun
507 3867 680 3961 uubimr,
705 3867 769 3942 ubi
787 3865 989 3966 superindui
1009 3871 1148 3970 potuis,
1203 3949 1206 3958 ,

995 3985 1101 4064 quam
