2596 4346
31 255 72 332 Ἃ
146 279 218 354 722
279 226 500 358 ‘Q.‚Serr.
525 246 670 326 Fron.
695 228 1065 364 Terruerunt

126 417 270 513 ,Nemo
290 411 387 507 suae,
414 411 597 506 miserum,
623 371 731 486 Aemo
753 411 846 486 eheu
862 409 1016 504 praebuit
1034 398 1160 489 auree:

148 515 218 592 Sed
238 515 339 589 Deus
360 515 593 609 omnipotens
608 513 731 586 voluit
746 509 803 586 sua
821 510 965 606 premia
979 509 1095 607 nosci,

148 615 271 708 Atque
286 615 398 690 minas
416 613 539 706 posrtae
555 614 782 708 perplurima
796 613 879 684 talia
894 609 995 708 legis.
1098 663 1103 685 ,

146 713 335 791 Mittendo
352 712 474 788 statuit
490 713 630 806 plures,
658 711 692 786 tc
709 713 821 784 verba
840 709 1006 784 sonantes

148 815 303 908 Divina,
331 811 545 904 excitosque
560 813 665 904 jubet
678 811 824 907 prodire
837 809 1033 904 sepulchris

146 917 298 1007 Secum,
325 909 532 986 cumfratre
548 910 746 986 surrexerat
761 909 833 1004 ipse
847 907 1036 1002 sepuchro.

150 1011 379 1108 Obstupuere
396 1011 537 1112 quidem
554 1011 698 1105 plures,
725 1009 873 1103 petuisse
889 1007 1074 1104 sepulchra

147 1109 198 1189 Et
212 1115 312 1195 cerui
327 1114 363 1188 in
379 1115 472 1186 clara
486 1123 703 1204 premortua
720 1129 877 1203 corpora
892 1111 994 1185 luce:

147 1213 343 1306 Miretique
362 1215 441 1306 pios
459 1207 663 1302 sermones,
691 1209 807 1282 dulcia
825 1207 930 1302 ditia,

148 1311 225 1410 lpsa
242 1333 339 1386 voce
356 1309 431 1385 suas
451 1310 603 1384 tendunt
621 1309 664 1383 ad
680 1309 791 1385 fidera
803 1311 951 1415 palmes,
968 1347 974 1358 ·

149 1413 417 1504 Gratanturque
432 1411 539 1504 De0‚
566 1409 600 1486 u
617 1406 748 1484 vidori
764 1409 848 1481 talia
861 1405 1015 1484 Christo.
1073 1457 1076 1464 -

148 1513 235 1587 Illos
253 1533 329 1586 non
345 1511 503 1586 tumulos
520 1523 658 1584 certum
675 1505 748 1602 est,
775 1505 1113 1608 repellenteque,
1153 1595 1155 1598 ,
1251 1599 1258 1609 Ι

148 1611 313 1706 Amplius
331 1625 392 1684 aut
410 1625 514 1709 terre
532 1611 677 1684 retineri
697 1607 832 1682 viscere
853 1605 1002 1685 clausos.

53 1737 56 1750 ·
149 1708 312 1804 Relliqua
337 1709 395 1784 sed
414 1709 563 1784 recubat
579 1709 796 1784 nuncturbe
816 1707 990 1780 cubilibus
1009 1709 1105 1804 imis,

149 1813 214 1888 llle
231 1813 303 1884 dies
319 1811 459 1899 donec,
487 1811 673 1902 completo
690 1822 856 1902 tempore
873 1827 1021 1905 magnus

150 1909 358 1988 Adveniet:
384 1907 499 1984 cundi
516 1909 713 1984 Dominum
729 1909 801 2002 jam
820 1903 1002 2006 agnoscite
1019 1927 1167 2004 verum,

124 2049 126 2054 ,
150 2014 223 2184 Fqui
243 2012 336 2084 solur
352 2009 438 2084 facit
455 2009 548 2082 hanc
565 2009 713 2094 animem
729 2007 791 2093 ¹sua
808 2026 957 2087 cernere
973 2009 1069 2104 luce,

60 2191 68 2204 ,
186 2108 381 2202 andemque
398 2106 518 2202 potest
536 2107 572 2179 in
590 2121 722 2182 tartara
739 2107 887 2180 subdere
905 2109 1033 2203 plenis,
1066 2151 1076 2174 .

149 2208 199 2283 Et
216 2211 273 2282 cui
291 2207 416 2282 cundia
430 2220 531 2300 petet
547 2208 631 2280 vitae
647 2209 846 2300 mortisque
859 2205 1033 2300 potestas.

130 2304 132 2317 '
149 2307 253 2384 Polie
270 2309 408 2401 Deum,
435 2329 515 2382 nam
531 2307 627 2381 velle
644 2310 696 2380 sat
713 2307 781 2380 est:
808 2305 1008 2400 fatrumque
1024 2303 1217 2400 loquendo

150 2411 303 2506 Implet,
331 2407 553 2485 &obstando
568 2410 673 2501 plane
688 2407 773 2482 nihil
789 2406 938 2500 impedit
953 2405 1065 2484 illum.

149 2507 214 2584 Ille
230 2517 329 2584 me'us
348 2507 464 2600 solus,
492 2511 549 2580 cui
571 2507 681 2579 credo
701 2502 854 2580 sensibus
871 2508 962 2582 imis.

149 2595 203 2682 At
219 2611 385 2701 quoniam
401 2605 638 2680 letho'cursus
655 2605 884 2678 concluditur
899 2605 1030 2698 omnis,

152 2709 367 2808 Quicunque
384 2707 434 2780 est
448 2705 578 2797 hodie,
603 2705 720 2779 secum
737 2719 843 2804 putet
858 2706 979 2782 omnia
995 2717 1129 2781 mente.
1202 2778 1216 2798 ..

149 2808 271 2899 Atque
287 2808 392 2898 ideo,
420 2807 503 2878 dum
522 2807 599 2876 vita
613 2817 755 2898 manet,
782 2805 865 2880 dum
883 2825 1031 2882 cernere
1045 2807 1182 2902 lucem,

151 2908 249 2980 Dum
268 2907 377 2980 vitam
394 2921 532 2980 mutare
548 2907 654 2978 licet:
681 2925 785 2996 quam
804 2909 976 2980 terminus
992 2903 1062 2980 evi
1286 2914 1288 2925 ’

154 3007 296 3081 Obruet
311 3009 497 3098 incautos,
524 3003 691 3078 &nescia
709 3003 841 3080 lumina
859 3005 987 3080 solvat.

88 3113 97 3126 ’
153 3109 309 3181 Ultimus
331 3107 390 3178 ille
409 3105 506 3200 dies,·
530 3105 657 3178 mortis
673 3105 732 3198 qui
751 3108 830 3202 lege
850 3119 1008 3198 tenetur,

154 3208 267 3306 Quod
288 3209 445 3298 precium
461 3203 636 3297 superest3
664 3203 752 3277 calae
774 3205 960 3300 invigilate
981 3202 1097 3300 saluti,

152 3307 201 3380 Et
215 3306 337 3378 faciles
352 3305 511 3396 certique
526 3308 661 3380 bonum
679 3304 858 3378 decurrite
879 3302 1027 3380 cursum.

75 3409 80 3416 ’
152 3405 366 3502 Abstergete
379 3406 444 3498 piis
461 3401 645 3478 commissa⁴
656 3405 794 3496 piacula
806 3402 926 3498 sacris,

153 3507 276 3598 Atque
296 3525 409 3600 vagos
424 3505 567 3578 nimium
582 3503 703 3578 mundi
725 3507 838 3580 vitate
857 3505 1055 3597 procellas:

152 3605 248 3678 Tum
261 3603 372 3678 redas
387 3605 420 3676 dt
437 3601 640 3697 aduenas,
669 3603 702 3676 dt
719 3601 831 3678 santra
849 3619 985 3680 tenetee

152 3705 350 3778 Hinc‘laetis
368 3705 489 3776 animis
506 3724 656 3796 pravum
674 3704 841 3796 depellite
859 3707 1006 3796 crimen,

43 3876 48 3886 ,
152 3801 202 3874 Et
221 3817 392 3874 concreta
412 3803 470 3873 diu
486 3804 673 3895 proluatur
690 3801 836 3895 pedore
854 3805 976 3896 culpaq
995 3877 1000 3886 ,

153 3899 431 3992 Commillasque
451 3902 531 3973 mali
548 3903 646 3976 lebes
665 3903 809 3976 abolete
826 3903 1012 3996 nefandas,
1083 3971 1087 3979 ,
1114 3987 1118 3994 ,

151 3995 394 4091 Aeternisque
408 3999 529 4074 Deum
547 4002 715 4095 precibus
734 4005 875 4106 placate
892 4001 1154 4181 trem'enssAAl‘ti
