2638 4342
444 173 788 262 C‘aaurus.
1039 185 1153 294 epp

80 339 120 416 Si
133 341 251 438 legem
269 341 366 436 plebi
386 343 526 438 peccati
544 343 645 418 causa
657 343 807 442 iugabit.

84 439 183 516 Nam
200 441 334 515 servire
349 441 456 536 Deo,
475 455 632 538 totoque
646 444 855 518 incumbere
869 443 982 520 corde

86 539 305 616 Intemerata
321 541 448 636 Fides,
474 541 762 639 libertassponte
776 557 930 636 paratur.
1016 583 1017 590 κ

87 637 189 738 Ergo
209 639 331 716 Patres
343 641 451 736 julli,
476 641 581 717 sancti
596 644 668 718 stne
687 645 768 720 labe
784 641 974 738 Propheta

89 737 303 814 Adventum
319 739 489 836 Domini,
515 744 616 816 multi
631 744 796 816 cecinere
816 742 986 818 sarnuurn.

87 835 353 934 Testanturque
368 839 439 914 fide
454 841 606 916 coelestia
617 839 705 936 julla
719 841 929 936 prophanis,

89 935 182 1012 Cum
200 941 326 1033 quihus
343 941 513 1017 immanes
528 938 640 1016 satiati
657 943 770 1038 gloria
784 939 927 1036 Christi,

16 1087 17 1126 ;
89 1035 287 1114 Consortes
304 1041 467 1134 virtutis,
492 1045 607 1116 verba
622 1040 756 1116 sacrata
771 1041 953 1134 replentes
1034 1072 1038 1082 ·

16 1163 18 1198 ὲ
89 1135 297 1216 Firmavere
311 1137 438 1240 spdcm,
459 1139 563 1216 fastis
578 1140 743 1236 praedisla
755 1141 959 1234 probando.
1115 1175 1124 1236 J

16 1323 17 1332 ψ
91 1237 1098 1436 cnhattenhusen-‘rra·“bu

498 1395 512 1434 9

16 1491 18 1534 ,
92 1435 315 1531 Conirmhos
332 1439 453 1533 operis
472 1441 579 1514 nobis
597 1442 757 1514 tribuere
774 1441 946 1516 honores.
965 1474 968 1484 =

16 1617 17 1632 Ν
87 1536 148 1612 Ex
163 1538 290 1630 quibus
307 1537 478 1634 eletlum,
503 1561 687 1638 magnum,
711 1540 880 1634 plebique
893 1527 1086 1634 probatum

16 1643 17 1654 ’
87 1637 170 1714 Hac
191 1637 359 1712 cathedra
375 1635 525 1733 Petrus,
551 1659 620 1734 qua
631 1637 768 1714 sederat
784 1637 877 1732 ipse,
903 1641 1064 1712 locatum

87 1735 249 1812 Maxima
264 1735 382 1812 Roma
395 1737 549 1834 Linum,
573 1741 726 1832 primum
741 1737 927 1812 considere
935 1736 1040 1829 jussit.

87 1833 174 1912 Post
188 1859 292 1929 quem
311 1835 435 1912 Clctus
449 1837 483 1910 dr
497 1835 592 1934 ipse,
617 1857 761 1937 gregem
776 1833 928 1932 hiscepit
940 1837 1063 1910 ovilis.

88 1935 208 2030 Huius
225 1935 419 2012 Anacletus
434 1935 613 2012 successor
628 1935 729 2012 sorte
739 1939 896 2030 locatus,
1036 1947 1040 1957 '

88 2037 210 2212 ἓυοιῃ
230 2033 385 2130 seqnitur
405 2035 591 2131 Clemens,
616 2040 646 2112 is
662 2035 884 2132 Apostolicis
897 2037 992 2112 benc
1005 2043 1129 2109 notus

123 2133 273 2210 varistus
290 2137 420 2212 abhoc
434 2137 617 2213 rexitsine
635 2137 783 2214 crimine
796 2139 923 2236 legem.

87 2235 219 2310 Sextus
235 2233 443 2311 Alexander
456 2237 563 2314 Sixto
578 2238 806 2313 commendat
822 2238 934 2312 ovile.

86 2333 175 2412 Post
189 2337 333 2430 expleta
345 2335 397 2410 hri
416 2337 475 2430 qui
489 2335 588 2412 lustri
602 2349 767 2431 tempora
783 2337 895 2410 tradit

88 2433 341 2530 Telesphoro,
366 2436 622 2512 excellenshic
638 2449 738 2530 erat,
763 2450 970 2529 martyrque
984 2429 1111 2510 fidelia

87 2533 176 2612 Post
189 2536 292 2610 illum
306 2533 425 2610 socius
441 2534 553 2634 legis,
579 2549 773 2628 certusque
786 2531 964 2632 magister,

89 2633 183 2710 Cum
202 2633 311 2709 vestri
331 2635 471 2711 sceleris
489 2636 611 2732 socio,
636 2633 835 2730 precursor
850 2635 886 2710 dr
899 2631 1025 2709 suslor

89 2735 256 2810 Advenit
269 2734 421 2812 Romam
437 2733 579 2830 Cerdo,
604 2757 705 2812 nova
717 2733 1034 2834 indueragestens,

88 2831 286 2927 octenas,
312 2839 482 2928 quomam
498 2859 613 2910 voces
632 2835 796 2912 &verba
812 2837 944 2910 veneni

88 2933 287 3032 Spargebat
300 2933 441 3010 furtim:
466 2957 536 3030 qua
550 2949 701 3032 propter
718 2937 763 3010 ab
780 2935 918 3032 agmine
930 2931 1050 3028 pulsus
1155 3015 1159 3023 ,

88 3031 307 3130 Sacrilegum
321 3055 434 3132 genus
449 3035 523 3110 hoc
535 3036 682 3134 genuit,
705 3033 859 3130 spirante
875 3033 1043 3110 dracone.
1173 3050 1183 3076 ·

90 3131 287 3208 Constabat
300 3135 437 3228 pietate
450 3137 576 3234 vigens
592 3133 753 3210 Eccleha
768 3135 895 3208 Rome

89 3228 299 3328 Composita
315 3255 335 3308 a
349 3233 481 3330 Petro,
509 3235 610 3329 cujus
625 3231 803 3310 successor
816 3233 851 3307 dt
865 3227 952 3327 ipse,

87 3333 237 3430 Jamque
253 3333 342 3408 loco
360 3355 465 3408 nono
483 3335 689 3410 cathedram
709 3331 858 3432 suscepit
873 3333 1036 3430 Higinus.

88 3431 176 3508 Post
188 3431 286 3509 hunc
303 3433 432 3509 deinde
448 3435 554 3530 Pius,
579 3435 732 3512 Hermas
750 3435 809 3508 cui
825 3435 983 3532 germine
999 3431 1126 3530 freter,

89 3529 285 3632 Angelicus
309 3533 450 3628 pallor,
477 3536 559 3628 quia
574 3535 707 3610 tradita
721 3535 835 3608 verba
852 3534 1013 3628 locutus,

89 3631 200 3726 Aque
215 3631 281 3706 Pio
297 3632 447 3730 suscepit
466 3633 645 3709 Anicetus
663 3635 790 3710 ordine
805 3632 951 3726 sortem,
1066 3705 1068 3710 ,

90 3731 167 3806 Sub
181 3751 255 3824 quo
273 3731 444 3808 Marcion
456 3735 516 3812 hic
532 3736 707 3829 veniens,
732 3755 833 3810 nova
847 3735 997 3828 pontica
1010 3731 1132 3834 pestis,

92 3829 270 3912 Nondum
286 3831 462 3955 secretum
475 3835 615 4014 facins}
631 3832 695 4032 sues>
712 3835 824 3914 corde
841 3831 1097 4016 τοοΙιιΓιῑιιιὶὰοΓ

621 3956 646 4010 x
1088 3975 1102 3994 .
