2638 4342
859 21 887 106 i
986 113 989 118 ,

198 213 293 310 896,
345 217 1108 328 Q.Sarr.Fuou.Taaruitiaur
1180 195 1187 202 ’
1233 317 1237 322 .

187 366 323 481 muscia
384 371 559 460 tanim
576 379 664 478 oaeii',
690 381 730 462 dr
749 387 806 482 qui·
828 385 894 456 illic
910 385 1037 484 uigili,
1063 383 1266 482 penitentia

190 491 370 574 luminu„
406 483 508 561 Heus
529 491 594 578 tu,
621 498 822 580 peccator,
837 482 952 558 ·bono
965 486 1095 558 animo
1115 485 1194 578 sis,'·
1210 485 1267 558 iii-

192 589 259 662 ·des
277 587 339 660 ubi
360 585 404 660 de
422 598 489 657 tuo
505 583 625 660 'reditu
648 581 852 680 gaudeatur.
904 583 1004 680 Quid
1026 585 1086 657 illa
1104 583 1267 658 similitu·

95 681 97 688 ’
200 686 320 762 diuum
334 667 611 778 domitiic'arunt,
626 695 833 780 argumenta
843 683 951 756 nobis
964 682 1124 758 volunt?
1146 683 1267 778 Quod

146 853 149 863 .
195 787 323 864 mulier
354 785 555 858 drachmam
577 782 760 880 perdidit,
793 781 1027 874 &requirit,
1059 783 1094 854 di
1111 783 1264 880 reperit,

197 885 375 960 &arnicas
394 883 438 958 ad
461 869 624 982 gaudium
643 881 796 974 invitat,
822 888 946 956 nonne
962 879 1115 955 restituti
1135 901 1266 975 pecca·

197 985 290 1058 toris
311 981 512 1082 exemplum
535 975 612 1056 esti
647 977 808 1056 Errat&
831 1001 903 1054 una
923 979 1073 1074 pastoris
1097 983 1264 1078 ovicula,

195 1081 257 1160 sed
276 1103 365 1182 grex
385 1104 456 1158 una
482 1083 599 1154 carior
617 1093 694 1154 non
720 1093 815 1156 erat:
840 1101 913 1154 uria
938 1079 998 1154 iila
1021 1083 1264 1179 conquiritur,

195 1203 270 1277 una
292 1203 361 1278 pro
384 1180 549 1258 'omnibus
572 1179 813 1274 desideratur,
847 1177 1042 1254 &tandem
1060 1181 1264 1277 invenitur,

198 1281 234 1358 di
254 1283 408 1356 humeris
427 1279 577 1374 pastoris
601 1277 705 1376 ipsius
723 1277 894 1356 reiernir:
926 1281 1077 1354 multum
1097 1281 1192 1354 enim
1210 1301 1265 1354 er-

197 1381 313 1474 rando
342 1379 584 1454 laboraverat.
635 1377 738 1454 iilum
761 1380 867 1452 etiam
889 1375 1098 1452 mitiffimum
1120 1391 1265 1472 patrem

197 1503 286 1556 non·
300 1473 459 1574 tateb0,
488 1475 554 1570 qui·
570 1478 759 1574 prodigum
778 1471 892 1552 illium
912 1491 1092 1571 revocat,
1112 1478 1160 1550 'dt
1179 1477 1266 1576 post

198 1581 359 1678 inopiam
382 1577 627 1674 poenitentiam
652 1575 770 1652 liberis
792 1573 952 1672 suscipit,
977 1573 1141 1652 immolat
1165 1579 1265 1652 vitu·

163 1771 166 1776 p
197 1683 273 1755 ium
299 1679 554 1774 praeopimum,
590 1675 767 1750 convivio
786 1677 952 1774 gaudium
974 1675 1072 1750 suurn
1093 1689 1264 1758 extimat.

199 1775 361 1880 Quidni?
395 1775 507 1851 siliunt
525 1767 619 1852 enim
634 1777 846 1870 invenerat,
878 1795 983 1868 quem
995 1775 1178 1870 amiserat,
1205 1799 1267 1854 ca·

199 1883 334 1952 riorem
348 1873 521 1970 senserat,
548 1890 653 1968 quem
669 1875 759 1950 lucri
778 1873 924 1952 fecerat.
976 1877 1066 1974 Quis
1080 1875 1264 1956 illenobr's

98 2056 104 2070 Ι
199 1975 453 2072 intelligendus
472 1973 600 2068 pater?
625 1971 727 2047 Deus
744 1971 899 2068 scilicet,
924 1987 996 2050 tam
1011 1987 1114 2068 pater
1132 1987 1266 2054 nemo:

198 2089 272 2150 tarn
295 2075 374 2168 pius
397 2077 519 2156 nemo.
566 2073 604 2151 lt
630 2093 718 2169 ergo
739 2085 802 2167 te,
835 2063 947 2150 filium
968 2072 1088 2168 suum,
1121 2076 1184 2150 etsi
1204 2097 1266 2168 ac·

201 2189 347 2268 ceptum
372 2171 416 2248 ab
437 2193 483 2247 eo
505 2171 736 2270 prodegeris,
764 2171 827 2247 etsi
846 2171 962 2246 nudus
976 2173 1145 2268 redieris,
1170 2175 1266 2250 reci·

76 2353 82 2370 ,
198 2275 297 2370 piet,
324 2270 405 2366 quia
426 2271 564 2346 redisti:
598 2271 843 2368 magisquede
864 2271 1021 2369 regreil'u
1040 2285 1128 2366 tuo,
1156 2296 1266 2368 quain

201 2375 246 2448 de
271 2375 413 2448 alterius
437 2371 630 2446 sobrietate
650 2371 837 2470 laetabitur.
866 2412 870 2424 ·
886 2371 958 2446 Sed
978 2371 1004 2446 si
1022 2369 1197 2466 p'oeniteat
1214 2397 1263 2450 eii

200 2475 351 2566 animo,
388 2469 562 2546 sifameni
587 2483 687 2546 tuam
712 2491 793 2545 curn
818 2469 1000 2546 samritate
1022 2476 1264 2553 mercenario·

199 2593 279 2646 runi
295 2587 529 2666 paternorum
545 2591 752 2666 compares,
778 2569 804 2644 si
820 2591 955 2664 porcos
971 2571 1190 2648 immundum
1204 2593 1263 2650 re·

198 2673 338 2763 linquas
355 2690 487 2766 pecus,
512 2669 537 2744 si
555 2683 691 2766 patrem
704 2684 846 2764 repetas
864 2671 926 2746 vel
941 2667 1137 2768 offensum,
1165 2675 1264 2746 Deli·

199 2777 287 2870 qui',·
301 2769 421 2844 dicens
434 2787 526 2865 puter
535 2807 552 2854 ‚⁴
573 2793 627 2840 nec
640 2771 751 2864 dignus
765 2795 814 2864 ego
823 2773 892 2868 jam
904 2775 1014 2844 vocari
1024 2787 1113 2854 ,turin
1163 2771 1266 2850 Tan·

199 2886 277 2944 tum
290 2869 431 2942 relevat
445 2865 615 2944 conseilio
632 2865 866 2960 deliuoruin,
893 2883 1064 2962 quantum
1079 2869 1266 2949 diiiiinula·

199 2972 255 3044 tio
269 2981 469 3064 exaggerat.
509 2965 691 3046 Confeilio
707 2967 801 3044 eninr
812 2965 1056 3044 satisfactionis
1071 2971 1262 3052 consilium

200 3067 273 3163 est,
299 3066 521 3144 dissimulatio
536 3067 780 3162 contumacia.

275 3191 322 3264 9.
342 3165 458 3260 Hujus
491 3165 598 3262 igitur
629 3165 847 3260 poenitentia
877 3163 1037 3242 secunda
1068 3165 1102 3244 di
1134 3171 1261 3268 unius,

131 3289 137 3295 ·
201 3278 337 3360 quanto
354 3266 392 3340 iii
409 3279 489 3338 arto
508 3267 693 3362 negotium
710 3263 780 3359 est,
807 3265 910 3339 tanto
925 3267 1113 3362 operosior
1127 3273 1264 3364 proba·

199 3367 283 3458 tio,
315 3377 358 3437 ut
379 3385 455 3437 non
475 3363 550 3436 sola
570 3361 789 3438 conscientia
804 3365 1028 3461 proferatur,
1055 3362 1115 3442 sed
1136 3371 1263 3463 aliquo

201 3467 307 3538 etiam
325 3457 404 3536 astu
420 3461 689 3537 administretur.
745 3463 780 3538 Is
802 3461 897 3538 atius
917 3465 979 3558 qui
995 3467 1105 3566 magis
1123 3465 1260 3546 Graec'o

198 3563 385 3636 vocabulo
399 3559 630 3656 exprimitur,
650 3559 968 3658 &frequentatur,
989 3565 1260 3666 exomologesis

200 3659 273 3754 est,
298 3681 367 3752 qua
382 3659 547 3735 deiidum
562 3660 710 3735 domino
727 3660 888 3737 nostruin
910 3661 1145 3755 confitemur:
1179 3689 1264 3746 non

120 3805 132 3826 .
199 3759 341 3854 quidem
352 3773 394 3834 ut
407 3759 553 3856 ignaro,
570 3757 630 3833 sed
643 3771 817 3852 quatenus
830 3755 1020 3836 satisfactio
1034 3763 1263 3847 confatione
1292 3829 1299 3839 .

198 3855 420 3960 disponitur,
445 3857 688 3956 consciscat,
714 3861 924 3956 poenitentia
942 3860 1118 3966 nascitur,
1144 3869 1263 3958 poeni·

353 4017 360 4028 .
578 3985 583 3996 ·
1125 3973 1207 4042 ten.
