2602 4336
411 171 495 236 ue
544 155 789 240 neren
1061 182 1205 280 ear,
1289 137 1291 238 ζ

9 389 11 398 ,
67 315 279 420 prospicere
293 339 363 416 pro
377 320 539 418 pedibue
585 319 792 399 Sichales
809 323 1019 416 inputem.
1070 321 1138 398 So·

22 479 26 486 A
67 425 122 500 let
143 423 180 494 dt
208 421 400 498 sententias
426 421 501 496 suas
522 445 599 498 non
619 424 854 518 intelli-gendo
869 423 1137 515 „valetudinis

69 525 318 616 corruptelam
333 520 507 616 suspicari.
558 524 618 596 Sic
634 523 850 616 Chtyfippus
861 523 907 596 ad
923 525 1137 602 elleborum.

67 617 163 698 Tale
179 621 310 714 aliquid
323 623 458 717 opinor
470 621 502 696 ei
515 623 660 716 accidit,
672 643 780 714 quum
793 623 868 694 duo
879 625 914 695 in
931 623 1043 698 'unum
1053 643 1137 696 eor·

67 743 164 818 pora
199 724 375 818 negavit,
413 725 565 796 alienata
593 743 614 794 a
643 721 833 816 prospectu
866 722 1136 820 &recogitatu

67 837 337 918 praegnantum,
365 843 443 916 quae
456 843 532 894 nott
545 823 679 918 fingula
693 821 856 915 quotidie
869 841 1049 916 corpora,
1075 820 1136 896 sed

67 923 104 996 dt
120 920 257 996 bina&
274 935 377 994 terna
391 923 427 996 in
444 924 547 994 nnius
568 922 663 995 uteri
679 922 814 994 ambitu
830 919 1027 1014 perferunt.
1078 922 1137 996 ln·¹

9 1021 11 1026 ’
67 1023 218 1096 venitur
229 1023 342 1094 ¹etiarn
360 1021 489 1114 injure
502 1021 600 1094 civili
618 1020 743 1094 Graeca
757 1023 914 1112 quaedam
928 1021 1135 1112 quinionem

65 1123 177 1196 enixa
198 1116 386 1216 filiorum,
416 1119 523 1203 lernel
547 1121 707 1196 omnium
732 1133 873 1213 mater,
908 1121 1004 1192 unici
1027 1121 1134 1194 foetue

65 1239 201 1316 parens
226 1220 443 1314 multiplex,
480 1221 576 1294 unici
605 1223 698 1294 uteri
727 1240 903 1313 puerpera
930 1219 1134 1314 numerosa,

65 1341 149 1414 quae
177 1331 238 1391 tot
256 1317 382 1416 stipata
406 1321 643 1415 corporibus,
675 1341 774 1413 pene
798 1321 948 1394 dixerim
977 1323 1133 1415 populu,

65 1419 209 1496 sextum
221 1416 297 1512 ipsa
313 1440 444 1512 corpus
457 1419 536 1494 fuit.
575 1417 752 1492 Universa
767 1417 932 1492 conditio
947 1419 1134 1491 testabitur

65 1539 231 1612 corpora
246 1517 291 1592 de
313 1517 527 1612 corporibus
543 1517 750 1613 procellura
769 1520 843 1591 illic
857 1519 929 1611 jam
947 1518 1018 1592 elle
1036 1519 1134 1592 unde

64 1617 294 1716 procedunt:
317 1615 509 1694 secundum
526 1619 568 1693 stt
588 1617 728 1692 metelle
743 1619 792 1691 est
807 1617 905 1710 quod
928 1641 972 1691 ex
989 1619 1059 1690 alio
1077 1619 1132 1694 stt

34 1733 41 1746 “
64 1717 173 1794 Nihil
193 1737 306 1811 porto
324 1739 371 1795 ex
388 1717 462 1792 alio
481 1717 553 1814 est,
579 1717 641 1794 nist
656 1718 739 1792 dum
761 1719 938 1814 gignitur,
965 1715 1024 1792 sed
1045 1733 1133 1790 tunc
1284 1779 1288 1800 ,

65 1818 145 1894 duo
160 1818 252 1892 sunt
313 1871 324 1880 .

144 1939 180 2012 7.
206 1919 390 2020 Quantum
406 1915 451 1992 ad
462 1902 701 2014 Philosophus
715 1911 794 1992 satis
808 1915 903 2012 hee,
927 1913 1134 2010 quiaquan-

66 2027 149 2094 tum
176 2016 221 2090 ad
244 2015 388 2092 nostros
414 2019 704 2111 exabundanti,
742 2018 869 2110 quibus
893 2017 1133 2111 corporalitas

67 2119 197 2192 animae
217 2117 254 2190 in
276 2114 353 2212 ipso
370 2115 572 2216 Evangelio
589 2117 776 2194 relucebit.
829 2116 946 2190 Dolet
964 2117 1060 2212 apud
1079 2121 1135 2190 in·

67 2211 171 2292 leros
188 2217 304 2292 anima
319 2217 523 2312 cujusdam,
549 2219 746 2311 &punitur
765 2215 979 2308 inflamma,
1006 2217 1136 2290 &cru-

68 2317 187 2390 ciatut
203 2317 241 2390 in
259 2317 399 2415 lingua,
425 2317 459 2390 dr
478 2317 526 2390 de
543 2317 656 2414 digito
675 2317 799 2390 animae
820 2315 990 2389 felicioris
1005 2317 1135 2410 implo-

67 2431 127 2490 rat
142 2413 307 2490 solatium
325 2417 430 2492 roris.
481 2415 673 2514 Imaginem
689 2414 862 2490 existimas
879 2416 1015 2488 exitum
1032 2417 1135 2490 illum

66 2517 237 2692 flagretis
256 2517 430 2612 laetantis,
462 2515 499 2588 dt
516 2515 639 2590 divitia
662 2515 867 2590 moerentis?
900 2517 935 2588 dr
956 2515 1041 2606 quid
1058 2516 1139 2602 illic¹

189 2615 382 2709 inomen,
415 2613 536 2690 finon
556 2615 593 2689 in
614 2616 769 2690 veritate
790 2637 847 2689 tes
867 2613 945 2688 esti
979 2613 1053 2688 Sed
1066 2615 1136 2694 etit

66 2715 193 2812 imago
217 2715 393 2790 credenda
413 2715 488 2810 est,
522 2713 762 2790 testimonium
782 2718 853 2788 erit
870 2715 1043 2790 veritati&
1093 2715 1133 2788 Si

66 2816 169 2890 onim
189 2835 265 2888 non
285 2816 435 2889 haberet
452 2817 567 2890 anima
581 2835 736 2908 corpus,
754 2837 829 2888 non
849 2833 995 2907 caperet
1009 2816 1133 2907 imago

68 2915 197 2990 anime
211 2917 397 3010 imaginem
416 2915 601 3007 corporis:
625 2937 695 2988 nec
712 2918 922 2988 mentiretur
937 2913 983 2987 de
996 2931 1134 3006 corpo-
1161 2947 1168 2958 ·

67 3015 205 3090 rabbus
216 3015 384 3088 membris
398 3009 719 3108 scriptura,finon
730 3027 844 3089 erant
895 3014 996 3113 Quid
1012 3012 1134 3085 mltu-

9 3127 10 3132 ’
66 3129 146 3190 tem
164 3113 253 3188 illud
264 3113 364 3206 quod
379 3115 423 3187 ad
444 3111 583 3188 inferna
602 3111 814 3187 transfertur
834 3114 916 3208 post
934 3109 1135 3186 diuortium

67 3214 261 3309 eorporis,
289 3211 388 3306 quod
408 3209 589 3287 detinetur
605 3215 698 3307 illic,
724 3213 823 3306 quod
843 3217 879 3286 in
898 3215 991 3287 diem
1004 3211 1132 3304 judicii

9 3375 11 3384 .
66 3311 297 3406 reservatur,
322 3313 367 3387 ad
382 3313 483 3406 quod
501 3311 534 3386 &
552 3311 710 3388 Christur
726 3313 917 3388 moriendo
933 3309 1131 3406 descendi-t,

66 3429 188 3512 puto,
212 3411 257 3486 ad
275 3413 406 3488 mimas
427 3410 720 3490 Patriarclaarum.
777 3407 851 3489 sed
868 3411 1131 3504 quamobrem?

9 3593 10 3602 ἦ
67 3513 201 3594 nmhil
224 3513 339 3589 anima
356 3513 495 3586 detinet
515 3510 576 3587 sub
595 3515 712 3590 terris.
762 3509 865 3590 Nihil
889 3513 984 3585 enim
1006 3511 1031 3586 lr
1053 3531 1132 3586 non

9 3617 10 3656 ³
68 3631 231 3712 corpur:
255 3611 530 3708 incorporalitas
553 3617 649 3688 enim
668 3613 713 3686 ab
735 3613 836 3687 omni
854 3629 989 3708 genere
1012 3612 1132 3686 custo·

68 3717 134 3792 die
159 3713 274 3788 libera
297 3711 373 3807 eli,
406 3711 569 3788 immunis
594 3731 741 3807 apoena
764 3713 798 3786 u
821 3736 842 3784 a
866 3713 1001 3787 fovela.
1066 3710 1141 3784 rer
1270 3743 1291 3792 ,κ

68 3813 171 3916 quod
196 3811 293 3906 enim
342 3811 463 3888 unitur
487 3827 550 3891 aut
572 3812 750 3910 iuvetur,
782 3813 857 3892 boc
880 3814 951 3890 etit
974 3831 1130 3904 corpure

122 3909 260 4003 smel.
322 3937 381 4032 ort·
400 3915 446 3996 11.
692 3907 730 3991 Y
1001 3911 1081 3986 red·
