2586 4334
65 155 73 175 ·
119 143 120 148 Ν
159 221 233 304 590
297 181 678 302 Qsss'rrrjsnor„
701 181 1100 284 Ter-‘runnrxrm

232 369 292 450 48.
317 357 388 434 Sed
403 371 513 454 caro,
537 357 678 452 inquis,
704 353 888 454 &sanguis
902 373 1051 452 regnum
1063 353 1135 428 Dei
1149 351 1221 430 lra-

159 461 312 540 rcditate
330 459 504 556 poffidere
525 479 601 534 non
622 455 778 551 possunt.
829 457 965 529 Scimus
984 455 1057 528 hoc
1071 475 1221 548 quoquo

26 631 28 638 ,
159 561 343 656 scriptum,
353 557 646 636 desedindustria
660 554 851 632 distulimus
862 555 1060 648 hucusque,
1068 568 1110 628 ut
1119 551 1222 646 quod
1276 565 1279 572 “

15 693 16 696 ¹
160 657 351 736 adversarii
368 661 407 732 in
426 659 539 756 prima
556 657 672 735 statim
694 657 769 732 acie
792 653 1004 748 obstruunt,
1039 655 1077 728 in
1094 655 1222 730 trltima

138 751 141 761 ’
160 759 408 856 congressione
427 757 750 852 prosterneremus,
782 755 949 830 omnibus
965 753 1219 846 questionibus
1274 845 1276 853 Ι

161 859 256 954 quasr
275 859 412 933 auxiliis
432 860 507 950 ejus
531 870 615 930 ante
639 853 794 950 dejeffis.
847 853 918 927 Sed
943 855 1092 928 &nunt
1111 877 1221 948 expe·
1278 907 1279 910 ,

160 973 242 1042 tent
260 957 499 1053 precedentis
518 953 758 1054 recognosci,
792 967 835 1026 ut
858 953 893 1025 dr
911 953 996 1027 huic
1021 953 1132 1044 sensui
1159 953 1222 1030 sua

161 1051 1223 1249 illidiiiil·rdtiltfeiltlrllslltlis

161 1257 329 1349 summum
348 1256 382 1330 dr
402 1253 453 1330 sui
477 1254 512 1328 dr
531 1253 709 1350 evangelii
732 1249 868 1330 &fidei
887 1252 1030 1326 illorum
1049 1254 1223 1328 indomi-

161 1359 251 1434 nicae
270 1356 399 1432 mortis
418 1355 452 1428 dr
468 1353 735 1428 resurrectionis
752 1351 1026 1428 demandatione
1040 1351 1224 1429 concluse·

161 1473 235 1536 rat:
260 1469 303 1530 ut
325 1451 504 1528 &nostre
524 1451 604 1548 spei
614 1455 772 1550 regulam
784 1452 871 1526 inde
890 1451 1107 1550 deduceret,
1123 1453 1224 1530 unde

34 1627 35 1632 Ν
161 1555 356 1636 constaret
406 1555 531 1646 ltaque
549 1551 706 1647 subjicit:
732 1551 806 1645 „Si
822 1564 941 1626 autem
954 1549 1111 1626 Christus
1132 1573 1222 1645 pru·

163 1657 321 1748 dicanu,
348 1653 447 1748 quod
461 1653 643 1752 amortuis
658 1652 913 1743 resurrexerit,
940 1653 1128 1744 quomodo
1146 1653 1223 1745 qui·

163 1757 245 1835 dam
260 1755 384 1830 dicunt
398 1755 435 1826 in
448 1753 577 1846 vobis,
598 1749 888 1826 resurretlionem
900 1762 1128 1826 mortuorum
1142 1771 1223 1832 non

164 1853 260 1944 eliel
274 1853 471 1948 quaesrnon
480 1849 544 1946 est,
552 1873 621 1926 nec
629 1849 788 1935 Christus
798 1847 1000 1926 resurrexit.
1018 1849 1223 1939 SiClrristur

36 2015 37 2025 Ν
164 1977 242 2032 non
252 1952 496 2043 resurrexerit,
506 1951 620 2024 inanis
632 1949 682 2026 est
692 1949 897 2045 pradicatio
907 1949 1163 2042 nostravacua
1172 1955 1226 2030 est

165 2055 202 2132 u
216 2051 305 2128 fides
323 2051 456 2126 vestra:
479 2053 704 2126 inveniemur
720 2051 814 2124 enim
834 2048 907 2122 falsi
925 2048 1031 2124 testes
1046 2051 1137 2146 Dei,
1163 2057 1226 2148 qui

164 2151 405 2230 testimonium
426 2149 617 2226 dixerimus
637 2149 736 2242 ¹quod
751 2147 1013 2224 resuscitaverit
1031 2147 1225 2251 Christum,

163 2269 273 2348 quern
290 2271 368 2324 non
381 2247 613 2326 resuscitavit.
638 2249 770 2343 Namsr
785 2245 921 2324 mortui
932 2269 1009 2324 non
1021 2249 1226 2350 resurgunt,

164 2373 237 2430 nec
256 2347 413 2424 Christus
431 2349 635 2428 resurrexit.
698 2349 734 2424 Si
749 2345 906 2424 Christus
923 2369 998 2423 non
1019 2349 1229 2451 resurrexit,

103 2467 107 2475 '
164 2473 262 2528 vana
286 2449 337 2526 est
355 2446 444 2524 fides
465 2447 604 2543 vestra,
638 2451 720 2543 quia
744 2449 859 2524 adhuc
881 2452 919 2522 in
940 2449 1073 2524 delitiis
1096 2454 1229 2534 vestris

165 2551 260 2628 estis.
309 2545 360 2625 Et
384 2551 445 2643 qui
470 2550 508 2624 in
533 2548 675 2624 Christo
704 2549 949 2644 dormierunt,
985 2553 1228 2652 perierunt„

81 2663 96 2734 .’
165 2649 235 2726 Per
254 2651 332 2724 haec
350 2649 408 2722 cui
423 2669 498 2737 ¹nos
517 2651 569 2723 rei
587 2649 773 2724 credendae
790 2647 934 2723 videtur
951 2653 1144 2726 extruere?
1172 2675 1231 2729 re·

115 2829 116 2834 Ν
163 2748 389 2841 sirmedioni,
406 2748 537 2842 inquis,
551 2763 779 2826 mortuorum
794 2769 870 2840 quoe
881 2751 1087 2846 negabatur.
1115 2753 1230 2830 Certe

52 2911 55 2921 ,
165 2847 231 2926 sub
256 2849 425 2942 exemplo
448 2848 636 2924 domnice
660 2845 956 2942 resrrrettionis,
991 2854 1123 2925 volens
1147 2875 1230 2932 earn

166 2949 277 3024 credi.
328 2946 459 3041 Certe,
485 2947 612 3041 inquis.
662 2945 874 3041 Exemplum
889 2969 1002 3042 porro
1021 2973 1066 3022 ex
1080 2951 1230 3028 diversi·

165 3063 243 3124 tate
256 3069 358 3122 anex
375 3051 553 3142 parilitate
566 3047 824 3142 componitur?
850 3049 995 3141 utique,
1020 3051 1156 3144 inquis,
1179 3072 1232 3130 ex

28 3223 32 3231 ,
164 3150 354 3247 parilitate.
413 3148 615 3250 Quomodo
632 3162 751 3222 autem
772 3147 928 3222 Christus
943 3145 1164 3226 resurreirit?
1190 3154 1233 3231 in

167 3269 295 3342 carne,
322 3267 367 3322 an
384 3247 485 3321 noni
516 3247 589 3322 srne
607 3247 717 3322 dubio
736 3247 761 3322 sr
777 3263 980 3342 mortuum,
1007 3247 1233 3346 fisepulnun

34 3395 36 3402 ‹
167 3347 265 3423 audis
289 3345 481 3422 secundum
500 3345 709 3442 scripturas,
736 3367 812 3421 non
827 3349 909 3420 alias
930 3369 1034 3440 quam
1050 3351 1231 3448 incarne,

166 3467 267 3539 aeque
287 3441 529 3520 resuscitatum
548 3447 586 3518 in
610 3465 717 3520 carne
742 3447 947 3524 concedit.¹
979 3447 1094 3542 Ipsum
1117 3455 1231 3548 enim,

167 3543 413 3720 tiliis
424 3543 1126 3740 lullliiiilllillesilulla‘i’
1140 3551 1233 3728 ist

420 3697 433 3736 ‚
1251 3689 1254 3700 .

53 3741 84 3816 ἱ
164 3745 204 3818 in
219 3741 369 3820 Christo,
409 3743 558 3838 Igiturll
573 3745 617 3818 ad
631 3747 832 3838 exemplum
847 3745 976 3822 Christi
990 3748 1233 3847 resurgemus,

167 3846 227 3938 qui
241 3841 434 3918 resurrexit
448 3843 486 3917 in
500 3861 628 3940 carne,
649 3845 812 3938 jamnon
825 3847 869 3920 ad
882 3852 1084 3945 exemplum
1098 3849 1234 4021 Christi

1062 3969 1102 4022 re
1117 3971 1176 4023 ur-
