2596 4336
126 203 232 298 ’441
270 317 274 326 ’
305 203 353 305 Q.
378 197 1073 281 sm.nuon.T.znruumn1

36 365 38 368 ’
154 382 423 464 precaminum
449 383 526 438 non
550 364 726 457 hebentes
744 367 980 441 abolitionem
1002 368 1078 462 ejus
1095 368 1135 441 in
1158 389 1235 444 no-

153 465 225 544 stra
249 461 440 559 potestate.
491 463 651 540 Haereses
674 486 767 538 vero
791 479 949 543 mortem
972 481 1164 560 eternam,
1192 469 1234 544 dr

135 605 142 628 -.
154 565 301 657 majoris
314 563 406 660 ignis
421 563 585 638 ardorem
600 563 818 658 inferentes,
844 565 981 640 malunt
998 567 1140 658 quidam
1162 569 1230 642 mi-

154 667 247 757 rari,
274 665 373 756 quod
393 665 468 736 hoc
487 665 650 756 pollinte
670 685 773 756 quarn
795 666 980 756 devitare,
1006 687 1053 740 ne
1074 666 1229 762 poffint:

155 785 239 838 cum
263 763 421 841 habeant
445 763 629 838 devitandi
649 762 875 858 potestatem.
934 759 1106 840 Celerum
1132 769 1228 842 nihil

155 863 352 954 valebunt,
379 863 404 936 sr
424 864 500 936 illas
512 873 659 942 ,tantum
674 863 796 944 valere
811 886 886 938 non
905 867 1088 940 mirentur.
1142 867 1230 942 Aut

15 971 20 991 ¹
156 965 252 1040 enirn
272 964 356 1036 dum
379 962 575 1057 mirantur,
609 964 647 1036 in
675 960 875 1038 scandalum
897 963 1228 1044 subministrantur:

156 1053 220 1140 eut
240 1059 650 1157 querendarum,
683 1064 766 1138 ideo
792 1065 988 1157 mirantur,
1022 1068 1121 1158 quod
1146 1081 1230 1140 teu·

156 1157 235 1238 mm
253 1162 421 1254 valeant,
449 1161 539 1253 quasi
566 1183 611 1235 ex
631 1163 746 1254 aliqua
765 1165 1096 1240 veritate‘venient„
1152 1165 1227 1240 Mi·

12 1325 14 1332 ,
155 1285 236 1338 rum
254 1261 411 1352 scilicet,
436 1275 478 1332 ut
490 1262 621 1336 malum
634 1263 730 1335 vires
754 1261 829 1336 snm
853 1265 1003 1354 habeam
1038 1265 1099 1338 nisi
1122 1267 1228 1360 quod

155 1361 305 1440 hereses
320 1359 414 1456 apud
431 1382 495 1434 eos
505 1363 663 1436 multum
677 1363 825 1451 velent,
852 1365 912 1456 qui
929 1363 966 1436 in
981 1361 1053 1438 fide
1064 1386 1143 1440 non
1162 1389 1227 1440 va-

155 1467 244 1542 lent,
299 1459 341 1536 ln
358 1481 477 1556 pugna
495 1459 652 1556 pugilum
674 1459 707 1534 o
724 1462 983 1559 gladiatorum,
1009 1467 1228 1557 plerumque

155 1582 235 1640 non
251 1563 332 1654 quia
347 1559 455 1633 fortis
471 1559 544 1654 est,
568 1559 687 1634 vincit
703 1561 805 1653 quis,
832 1575 894 1635 eut
909 1565 991 1654 quia
1007 1583 1082 1638 non
1100 1563 1228 1660 potest

155 1663 275 1738 vinci:
306 1659 367 1736 sed
388 1659 559 1752 quoniam
575 1661 657 1754 ille,
683 1659 875 1754 quinidius
899 1661 970 1753 est,
1004 1665 1111 1738 nullis
1138 1665 1226 1740 viri·

155 1763 224 1844 bus
246 1761 338 1835 fuit:
371 1759 463 1833 adeo
483 1760 576 1834 idern
599 1761 662 1834 ille
683 1761 802 1834 vidior
821 1763 915 1835 bene
936 1763 1072 1838 valenti
1094 1761 1228 1856 postea

156 1875 384 1955 comparatus
403 1861 560 1952 ,etium
581 1857 766 1954 'superatus
792 1861 938 1936 recedit.
999 1861 1087 1936 Non
1116 1865 1226 1938 aliter

27 2012 36 2032 ,
118 1997 120 2004 v
153 1960 330 2050 heresem
357 1961 402 2032 de
419 1958 642 2050 quorundam
661 1957 922 2034 infirmitatibus
936 1961 1093 2055 habe-nt,
1121 1961 1227 2054 quod

155 2063 305 2152 valent,
331 2059 419 2132 nihil
436 2059 598 2132 valentes
616 2057 642 2132 s1
659 2059 696 2132 in
714 2059 808 2134 bene
829 2063 1011 2137 valentem
1033 2059 1145 2208 iidem
1172 2065 1227 2140 in-

46 2203 60 2236 e
155 2171 312 2240 Currant.

106 2314 122 2328 ..
161 2293 167 2312 ι
233 2281 266 2354 3.
298 2256 428 2331 Solent
447 2255 589 2352 quidem
612 2253 666 2332 iffi
690 2259 859 2333 miriones
880 2259 987 2334 etiam
1009 2259 1053 2334 de
1076 2261 1226 2354 quibus·
1285 2306 1287 2309 ·

155 2365 236 2442 dam
259 2358 420 2460 personis
445 2360 490 2432 eb
511 2358 630 2434 haeresr
655 2361 793 2454 captis,
820 2357 984 2435 edificari
1006 2363 1042 2434 in
1068 2363 1223 2440 munem.
1284 2399 1285 2405 ¹

155 2467 279 2562 Quare
296 2461 357 2536 ille
374 2459 437 2534 vel
461 2457 552 2554 ille,
584 2454 794 2550 fidelisimi,
827 2457 1160 2555 &prodentiffimi‚
1189 2461 1226 2536 dt
1285 2496 1290 2547 ς

10 2625 13 2632 ,
152 2559 373 2639 vetustiffini
396 2560 434 2634 in
455 2553 626 2652 ecclesia,
660 2559 697 2634 in
715 2557 810 2634 illam
825 2571 963 2652 purtem
980 2561 1228 2636 transierunt?

152 2665 247 2763 Quis
272 2664 346 2735 hoc
370 2660 519 2754 dicens,
554 2677 631 2734 non
651 2657 724 2753 ipse
744 2659 806 2731 nbi
834 2655 1049 2751 respondit?
1085 2659 1225 2752 Neque

153 2761 377 2861 prudentes,
410 2781 529 2852 neque
555 2757 710 2852 fideles,
738 2779 856 2850 neque
879 2759 1027 2832 usitatos
1049 2758 1225 2836 aestiman-

46 2908 50 2916 ·
152 2863 245 2956 dos,
273 2879 365 2956 quos
382 2857 529 2934 hereses
544 2861 732 2954 potuerint
745 2857 939 2933 demutare.
990 2857 1040 2931 Et
1059 2861 1135 2932 hoc
1157 2863 1226 2936 mi·

152 2983 259 3054 tum,
286 2957 490 3058 (opinor),
523 2973 565 3032 ut
581 2961 754 3053 probatus
781 2959 905 3056 aliquis
928 2971 1052 3051 retro,
1082 2957 1223 3052 ⁸posteo

153 3059 322 3150 excidat?
348 3057 430 3134 Saul
444 3061 565 3136 bonus
577 3077 648 3153 prae
663 3058 813 3152 ceteris,
840 3059 960 3131 livore
973 3057 1097 3152 postea
1112 3083 1224 3134 ever-

151 3165 253 3236 titur.
304 3157 440 3250 ⁸Dauid
470 3160 528 3232 vir
558 3161 705 3252 bonus,
746 3155 940 3232 secundum
964 3179 1029 3232 cor
1055 3159 1223 3256 domini,

150 3259 278 3356 postea
301 3259 406 3332 caedis
430 3257 465 3330 ἃ
485 3255 595 3354 stupri
613 3279 695 3332 reus
717 3255 778 3334 est.
832 3255 1004 3331 Salomon
1024 3261 1123 3331 omni
1140 3283 1223 3356 gra.

150 3359 202 3434 tia
221 3357 440 3452 &sapientia
454 3357 610 3431 donatus
628 3379 648 3430 a
667 3355 838 3451 domine,
870 3356 915 3429 ad
933 3357 1180 3434 idololatriam
1200 3383 1222 3436 e

149 3459 359 3534 mulieribus
386 3456 579 3533 inducitur.
627 3455 713 3531 ‘Soli
739 3457 833 3530 enim
855 3455 926 3530 Dei
951 3453 1027 3530 fillo
1051 3455 1223 3533 servaba-

148 3573 229 3652 tur,
256 3559 328 3632 sine
352 3553 482 3630 delirio
503 3575 723 3650 permanere.
778 3555 875 3656 Quid
898 3577 1006 3652 ergo,
1031 3557 1056 3630 fi
1079 3559 1220 3654 episcm

148 3675 244 3754 pus,
277 3657 524 3749 induemus,
557 3655 737 3752 fiuidua,
767 3653 1229 3752 fivirgo,s1dofior‚fi-

148 3757 257 3833 etinn
275 3769 410 3846 martyr
429 3753 542 3848 lapsus
560 3757 717 3853 aregnla
734 3753 862 3828 fuerit:
880 3753 973 3840 ,ideo
986 3755 1134 3830 hereses
1153 3781 1218 3831 ve·

147 3853 292 3934 ritatem
308 3854 532 3932 ‘videbuntur
546 3853 740 3938 obtinere?
764 3851 998 3952 Eun-personis
1017 3858 1219 4030 parabamus

107 3999 110 4004 ·
206 3991 211 3999 ·
350 3962 353 3978 '
612 3987 618 4003 ¹
876 3986 917 4014 ι’
1062 3978 1165 4055 ¹em,
