2638 4342
225 203 776 288 =·=·cnnuuum
873 149 993 271 ·fu
1063 225 1133 306 mo

121 367 174 448 Et
190 371 322 446 tabule
338 367 498 466 duplices
512 369 722 466 conscripto
740 367 827 466 legis
839 369 876 444 in
892 387 987 450 arco,
1116 397 1124 414 ’

71 467 285 572 Significant
299 469 399 546 simul
413 473 490 546 hec
505 473 542 546 in
558 470 699 546 Christo
720 470 868 544 condita
882 467 1031 563 semper,

72 574 150 674 Qui
164 585 271 646 vetus
287 588 393 663 atque
408 593 549 646 novum
564 570 769 646 mandatum
782 569 932 664 pertulit
950 562 1036 664 ipse,

71 671 173 746 Arca
187 671 299 766 patris
318 669 459 750 sumni,
483 689 548 766 per
562 689 668 763 quem
681 669 781 744 dedit
798 671 920 744 omnia
937 669 1053 745 dives.

70 769 123 846 Et
137 773 237 868 virga
249 771 408 862 styracis
423 769 557 844 mutius
576 770 678 844 nucis
693 770 816 844 attulit
829 765 912 862 ipsa.

72 871 234 966 Virginis
252 873 326 946 haec
341 867 495 964 species,
522 870 738 966 genuitque
758 866 923 962 sanguine
939 887 1086 964 corpus,

74 967 276 1062 Conjunita
290 970 326 1044 in
341 971 459 1068 ligno,
491 967 626 1044 sedabit
648 967 778 1044 mortis
793 989 950 1044 amarum

73 1067 229 1142 Interius
249 1067 402 1144 bodun
423 1069 583 1150 dulcem,
608 1067 655 1144 de
669 1065 935 1164 spiritusanbio.
971 1089 974 1097 ’

73 1167 177 1243 Sicut
191 1165 308 1242 Esaias
323 1169 460 1268 virgam
474 1167 519 1242 de
532 1166 664 1244 semine
677 1164 780 1268 Jeffe
822 1205 835 1238 l
961 1193 964 1200 ·

74 1265 243 1342 Praedixit
257 1267 428 1348 Mariam,
459 1268 504 1344 de
524 1265 681 1360 quados
698 1268 775 1342 exit
792 1267 829 1342 in
845 1267 984 1344 orbem.

76 1365 173 1448 Ara,
198 1369 317 1442 nitens
333 1387 440 1450 auro,
468 1369 596 1442 coelum
611 1367 768 1442 declaret
783 1368 821 1442 in
834 1367 923 1447 alto,
966 1436 970 1446 ,

142 1465 305 1544 oscobiae
318 1466 455 1542 subiere
469 1487 616 1564 preces,
641 1467 714 1541 stne
733 1465 881 1542 trinrine
897 1465 1021 1542 miss'aee

117 1587 183 1640 anc
202 1588 296 1642 mam
312 1567 493 1644 Dominus
511 1565 619 1647 dixit,
646 1587 716 1659 qua
734 1585 884 1641 munera
903 1567 1008 1660 fiquis

80 1665 220 1746 Offett2
244 1679 287 1740 ut
299 1668 451 1760 primum
467 1687 595 1761 pacem
608 1687 690 1742 cum
703 1664 815 1740 fratre
827 1667 1010 1748 retradtets

77 1765 138 1840 Sic
149 1766 290 1844 denum
302 1765 451 1864 flagrare
468 1785 594 1860 preces
611 1765 656 1840 ad
672 1763 784 1840 sidere
795 1763 950 1859 possunt

77 1865 165 1942 Hoc
182 1863 339 1943 Christus
355 1865 474 1940 vidior
487 1863 606 1960 solus,
631 1865 837 1960 primusque
855 1863 1037 1964 sacerdos,

78 1965 227 2039 Obtulit
240 1962 421 2042 incensum
434 1965 627 2061 precibus,
652 1983 731 2038 non
745 1965 874 2040 arbore
888 1977 1024 2043 natum.
1099 1993 1103 2000 ·
1225 2049 1227 2057 ,

76 2063 173 2140 Nam
193 2062 378 2140 Cherubin
392 2064 530 2142 comsit
545 2065 601 2140 bis
620 2063 712 2140 binis
729 2063 891 2140 vultibus
907 2085 1033 2164 unum,
1066 2149 1070 2160 ,
1127 2109 1132 2123 ·

75 2163 142 2240 Est
155 2183 264 2242 unum
280 2167 456 2262 verbum,
480 2185 545 2262 per
565 2177 738 2258 quattuor
751 2164 879 2240 ordine
895 2164 1052 2266 domm,
1127 2165 1130 2173 ’

75 2263 138 2339 De
155 2277 349 2359 patreque
367 2262 525 2340 Christus
540 2256 730 2359 pleniffima
747 2267 896 2358 pertulit
911 2263 987 2364 ipse
1130 2324 1135 2332 .
1294 2313 1298 2320 ·

77 2361 241 2442 Mandati
255 2361 393 2458 sperata
406 2364 525 2458 novi,
550 2361 675 2438 solatia
691 2365 785 2438 vitu.

78 2461 146 2538 Ast
166 2477 292 2557 quater
312 2465 375 2540 aio
394 2461 475 2558 sex,
501 2463 637 2538 veterio
654 2463 835 2558 preconia
852 2463 973 2560 verbi,
993 2481 995 2486 ·
1039 2491 1043 2500 ·

77 2559 319 2646 Tefflfieanos
337 2586 400 2658 ea,
438 2583 515 2657 quo
533 2561 616 2657 post
631 2560 780 2638 cafadia
795 2561 979 2639 docemur.

76 2665 146 2741 His
163 2664 226 2738 alis
240 2665 400 2738 volitant
413 2661 566 2738 coeiestia
578 2663 692 2738 verba
706 2683 771 2758 per
782 2665 922 2759 orbem,

78 2763 144 2842 He
166 2765 272 2838 etiam
288 2760 416 2838 Christi
430 2763 567 2862 sanguis
583 2761 771 2838 contestas
784 2763 951 2860 habetur,

17 2945 18 2956 Ν
79 2861 244 2939 Obscute
257 2877 383 2940 vatum
399 2861 555 2962 presago
572 2861 683 2940 didius
702 2864 746 2936 ab
761 2883 837 2938 ore.
966 2911 969 2919 ·
998 2883 1001 2888 ·

17 2965 18 2970 ‘
76 2965 227 3040 Aletum
244 2981 413 3038 numerus
432 2965 577 3056 antiqua
593 2963 778 3038 volumina
791 2962 918 3061 stgnu,

76 3061 159 3138 Effe
176 3060 369 3138 fatiscente
385 3063 514 3159 viginti
527 3077 699 3156 quatotor
712 3059 791 3159 ista,

39 3257 42 3262 Ι
78 3165 172 3338 guo
184 3161 333 3238 Domini
350 3165 514 3236 cecinere
528 3164 627 3256 vias,
652 3163 985 3258 &temporapacis
1121 3157 1145 3166 ”

118 3283 169 3338 aec
183 3265 366 3338 coherere
379 3281 485 3337 novo
502 3283 583 3338 cum
599 3261 735 3338 fudere
750 3259 875 3338 cuneta
891 3264 1073 3344 videmos:

79 3361 139 3437 Sic
155 3379 299 3458 quoque
314 3363 494 3460 Joannes,
519 3363 569 3436 sic¹
582 3362 706 3458 pandit
726 3360 865 3458 spiritus
882 3363 934 3438 iili
1094 3357 1107 3375 ''
1182 3373 1184 3376 ’

79 3461 161 3536 Tot
176 3481 327 3538 numero
345 3459 437 3536 solio
460 3460 657 3538 senioribus
675 3459 816 3558 insuper
837 3464 939 3558 albis,

79 3559 204 3655 Atque
222 3562 408 3638 coronatis
424 3563 677 3641 cohibentibus
692 3563 812 3638 omnia
828 3563 944 3639 mitra.
1052 3574 1057 3582 ’

79 3661 140 3736 Ad
157 3660 285 3740 solium
303 3661 474 3756 Domini,
503 3663 660 3738 vitremn
673 3661 839 3756 demate,
863 3661 955 3737 sture
967 3661 1030 3742 iob
1042 3665 1139 3761 igne,

81 3763 268 3863 Quattuor
282 3765 412 3862 aligera
426 3775 535 3855 atque
551 3763 668 3836 oeuiis
680 3762 848 3837 ‘emmelis
860 3765 967 3859 plena
1134 3757 1140 3781 ²

78 3859 182 3992 Intus
197 3865 373 3957 exterius,
401 3861 573 3977 queiimt
587 3873 871 3957 ocenapatere:
980 3955 1077 4058 signi
1136 3914 1143 3924 .
1197 3957 1205 3980 δ
