2596 4346
64 281 67 288 ·
154 257 233 348 ’.Μ
304 249 356 348 Q.
382 245 517 362 Sara.
542 235 686 328 Fron.
711 190 1074 324 Taurorum

156 399 249 490 llaec
266 411 329 486 ubi
347 409 534 500 constituit
551 411 671 486 divina
688 413 853 505 potentia
868 407 973 504 jussu,

159 513 353 588 Rediorem
367 511 555 604 inspiciens
569 513 753 586 mundanis
769 509 896 584 defore
914 513 1036 601 rebus,
1119 554 1123 563 ,

159 609 250 688 llaec
259 625 451 690 memorat:
475 611 615 688 Nostris
626 612 807 692 hominem
818 611 984 684 faciamus
997 608 1041 682 ad
1050 627 1213 706 tinguens

159 703 332 788 Vultibus
353 709 550 802 affimilem‚
577 725 663 782 toro
680 711 739 802 qui
757 725 884 806 regnet
899 711 935 782 in
955 711 1057 786 orbe.

160 809 211 886 Et
227 813 314 894 licet
331 811 427 884 hunc
442 831 520 884 uno
538 809 655 904 pollet
668 831 891 904 componere
904 811 1036 902 verbo,

97 915 100 929 '
161 911 240 1006 Ipsa
258 925 378 986 tamen
395 907 510 984 lancia
530 911 693 1005 dignatus
715 911 845 984 ducere
867 909 1007 1002 dextra,

160 1008 312 1106 Inspirat
325 1011 469 1090 brutum
485 1010 612 1084 dinco
634 1029 652 1082 a
671 1009 817 1102 peslore
836 1009 970 1103 penus.
1112 1088 1115 1104 Ι

215 1134 247 1185 2.
268 1113 386 1206 Quem
405 1107 592 1202 postquam
607 1107 720 1284 effiffie
743 1109 936 1184 formatum
956 1129 1024 1184 ceu
1042 1103 1103 1182 sua
1112 1103 1225 1204 vidit,

161 1209 318 1286 Metitur
331 1205 443 1284 solum
460 1209 649 1285 mordaces
678 1211 806 1282 oluere
824 1230 943 1284 curas:

88 1306 90 1320 '
162 1311 275 1384 illicet
288 1309 422 1404 irriguo
441 1309 624 1402 perfundit
642 1305 775 1382 lumina
792 1306 933 1402 somno,
968 1325 973 1346 ’

163 1407 315 1484 Mollius
337 1423 378 1478 ut
395 1405 492 1480 vulsa
509 1409 684 1482 formetur
698 1411 844 1488 'soemina
864 1407 976 1502 rosta,

163 1497 289 1603 Atque
306 1523 402 1594 artus
419 1505 534 1582 mixtu
546 1509 697 1606 gemino'
707 1507 895 1580 substantia
910 1504 1041 1582 firmet.

163 1607 302 1682 inditur
318 1606 500 1684 &nomen
514 1611 630 1700 vive,
658 1609 755 1702 quod
772 1609 900 1681 dicitur
919 1605 1010 1682 Eva.

163 1713 400 1880 {eapropter
417 1713 490 1780 nati
508 1709 675 1799 linquunt
692 1703 851 1781 demoto
867 1719 1047 1800 parentes,

92 1857 98 1872 .
201 1809 461 1902 onjugibusque
477 1805 544 1882 suis
562 1807 685 1902 positis
704 1829 783 1880 curn
803 1805 939 1880 sedibus
956 1809 1103 1882 herent
1166 1812 1169 1820 ’

23 1938 28 1948 =
165 1909 343 2000 Septima,
370 1909 512 2000 quando
531 1907 630 1980 Deus
648 1907 823 1980 fastorum
836 1903 907 1980 fine
928 1906 1081 2000 quievit,
1189 1907 1193 1924 ⁵

165 2003 312 2080 Sacrata
335 2007 489 2080 statuens
508 2011 649 2080 venturi
667 2007 792 2106 gaudia
808 2001 906 2080 secli:

164 2107 272 2184 Ilicet
286 2106 451 2180 exhibitis
470 2109 684 2182 animantum
700 2126 743 2179 ex
764 2107 891 2178 ordine
905 2097 1032 2200 turbis,

165 2203 314 2279 Viritim
331 2205 465 2280 conciis
484 2223 618 2280 nomen
634 2207 950 2300 quodpertorium,
977 2201 1068 2276 indit

167 2304 299 2378 Adami
314 2327 334 2380 a
349 2301 511 2380 Domino
532 2305 665 2380 donata
682 2305 870 2402 prudentia
888 2303 1011 2380 solers.

169 2409 290 2502 Quem
309 2405 407 2478 Deus
422 2407 603 2500 alloquio,
625 2405 780 2498 junceam
796 2406 959 2502 dignatur
977 2399 1164 2487 &Eurum

82 2535 84 2545 ¹
170 2505 307 2580 Crescit
324 2504 537 2581 multimodo
556 2520 707 2580 ventura
727 2509 764 2580 in
779 2520 943 2597 tempora
956 2516 1076 2598 partu,

168 2603 224 2678 Ut
241 2605 347 2698 polus
365 2605 399 2676 dc
420 2605 531 2698 plenae
548 2605 669 2678 vestro
686 2607 754 2678 sint
775 2609 931 2701 germine
945 2615 1063 2696 terrae,

167 2703 412 2796 Haeredesque
427 2703 513 2778 mei:
541 2705 662 2776 varios
681 2704 863 2798 decerpite
878 2690 1026 2806 studius,

82 2883 87 2890 ,
117 2801 124 2896 s
169 2804 278 2978 ssuos
296 2802 492 2885 nemora&
509 2803 630 2900 pingui
644 2803 798 2878 reddunt
818 2805 863 2878 de
877 2797 1008 2896 cespite
1023 2799 1155 2898 campi.

160 2971 162 2979 Α
210 2921 260 2973 aec
277 2901 340 2974 ubi
357 2899 532 2994 disseruit,
558 2906 639 2976 laeta
654 2897 829 2996 paradisus
847 2905 883 2976 in
902 2905 982 2976 aula

170 2994 380 3092 lustralem,
406 3004 580 3094 primique
596 2999 748 3098 aspedlat
762 3003 893 3085 lumina
907 3001 1003 3078 solis.
1027 3073 1033 3087 ,

173 3100 343 3196 Gignitur
356 3097 432 3176 haec
449 3103 542 3176 inter
558 3103 673 3200 pomis
693 3097 880 3176 lethalibus
897 3095 1018 3196 arbos,
1071 3189 1077 3202 ι

172 3199 412 3290 Conjundlum
427 3219 599 3296 generans
614 3203 698 3274 uitae
714 3206 913 3293 mortisque
932 3197 1103 3294 saporem.

102 3383 112 3390 .
135 3347 140 3358 -
171 3297 333 3370 Aedibus
350 3299 386 3370 in
401 3299 524 3374 mediis
540 3323 632 3394 puro
649 3291 728 3374 fluit
745 3299 883 3398 agmine
895 3297 1042 3395 flumen,

40 3462 44 3470 .
120 3441 123 3448 ·
174 3399 288 3496 Quod
304 3399 396 3492 rigat
411 3399 559 3497 insrgnes
573 3403 713 3498 liquidis
735 3401 778 3479 de
792 3391 955 3476 lumbus
972 3417 1090 3494 ortus,

174 3493 477 3596 Quadrifidosque
497 3493 592 3570 secat
605 3501 763 3574 undante
778 3523 821 3574 ex
843 3501 947 3574 sonte
963 3515 1119 3576 meatus:

17 3680 21 3696 Ι
171 3591 303 3668 Phison
321 3595 479 3668 auriferis
495 3593 668 3690 praedives
688 3589 968 3694 nannetensis,
1009 3599 1011 3604 ’

172 3689 465 3786 conspicuasque
482 3699 567 3770 terit
582 3720 692 3771 rauco
713 3699 757 3774 de
773 3697 912 3796 gurgite
925 3713 1099 3798 gemmas:

102 3844 107 3854 1
170 3791 332 3864 Prasmus
347 3793 429 3866 huic
442 3792 597 3889 nomen,
622 3797 673 3872 illi
691 3795 742 3872 est
756 3795 989 3872 carbunculus
1005 3799 1150 3900 ardens,

171 3887 450 3982 Perspicuusque
469 3895 568 3968 vadis
586 3912 716 3974 terram
734 3895 930 3992 praelambit
944 3893 1076 3978 Euilat.

171 3983 258 4060 1³0st
274 3991 369 4064 lrrmc
386 3983 561 4090 Ethiopas
581 3991 697 4074 Goon
717 3999 865 4096 allapsus
880 3995 1028 4102 opimst.
1088 4093 1128 4172 T

1127 4119 1185 4179 eb
