2540 4334
144 157 214 321 ren
301 225 350 328 Q.
375 221 515 300 serr.
545 215 692 298 Fron.
717 211 1053 328 Terruerunt

142 388 227 464 nem
240 384 314 460 Dei
329 381 494 474 induxit,
518 382 564 456 in
582 401 655 476 quo
675 380 793 476 primo
810 397 945 456 nomen
961 373 1100 454 domini
1117 373 1222 454 deffl-

144 502 266 564 catum
280 483 354 574 est,
385 477 547 560 nonfuit
563 483 732 579 digamus.

216 609 251 680 7.
280 583 367 659 Post
385 595 514 658 vetera
534 583 696 676 exempla
716 579 942 678 originalium
961 569 1220 676 personarum,

144 707 244 777 aeque
278 686 323 760 ad
353 681 482 758 v'etera
520 681 737 771 transeamus
771 679 1008 754 instrumenta
1043 675 1221 775 segaiiurn

143 785 417 880 scripturarum,
444 797 485 856 ut
504 797 571 877 per
597 779 760 856 ordinem
782 780 827 854 de
849 780 948 854 omni
969 773 1092 852 nostra
1111 799 1220 875 pura·

7 877 8 880 Ὺ
143 900 225 961 tura
240 883 482 961 renueremus.
532 879 583 954 Et
603 880 772 974 quoniam
796 877 936 974 quidam
957 877 1143 954 interdum
1162 879 1221 954 ni·

143 987 195 1061 bil
210 987 271 1060 irbi
290 985 415 1061 dicunt
431 978 501 1058 eise
524 983 722 1077 eumlege,
751 999 856 1072 quam
870 976 1029 1052 Christus
1047 997 1130 1052 non
1152 981 1223 1070 dg.
1259 1063 1260 1070 Ν

140 1089 261 1178 solvet,
287 1082 348 1160 sed
367 1083 571 1182 adimpletur
604 1079 783 1154 interdum
805 1099 884 1173 quar
901 1079 1036 1152 volunt
1051 1080 1143 1176 legis
1161 1099 1221 1154 er·

143 1187 299 1280 ripiunt3
326 1185 430 1277 plane
453 1183 571 1257 &noe
591 1179 640 1254 src
658 1179 806 1254 dicimus
820 1175 1150 1275 deeeffiiselegem,
1173 1191 1223 1254 ut

144 1306 257 1360 onera
277 1283 420 1376 quidem
440 1283 538 1378 ejus,
570 1301 648 1373 que
666 1276 861 1355 secundum
882 1275 1094 1354 sententiam
1107 1279 1222 1376 Apo-

143 1383 342 1478 stolorum,
361 1403 431 1458 nec
441 1400 553 1479 patres
564 1379 714 1554 [sustinere
727 1379 923 1466 valuerunt,
950 1375 1220 1462 concesserint:

144 1505 224 1579 quar
238 1503 331 1557 vero
345 1483 390 1558 ad
399 1481 571 1578 justitiam
597 1477 761 1579 pettam,
783 1497 861 1554 non
874 1489 1015 1552 tantum
1028 1471 1222 1556 reservata

143 1595 400 1683 permaneant,
426 1597 555 1658 verum
572 1579 608 1652 u
622 1579 806 1676 ampliata:
830 1592 873 1652 ut
885 1573 1022 1654 scilicet
1034 1583 1223 1655 redividare

142 1683 250 1782 poffit
265 1685 396 1784 jusse'tia
420 1684 526 1782 tustra
540 1683 637 1780 super
653 1679 833 1754 Scribarum
851 1679 891 1756 (5
912 1681 1144 1772 Pharisaeorum
1158 1681 1221 1775 ju·

142 1785 283 1860 stiriam
347 1783 384 1858 Si
405 1783 563 1878 justitie,
597 1782 724 1873 utique
745 1779 780 1856 u
800 1781 983 1877 pudicitia
1043 1776 1079 1854 Si
1104 1801 1220 1880 ergo,

143 1885 316 1977 quoniam
337 1881 376 1956 in
397 1883 476 1978 lege
498 1881 724 1976 praecipitur,
745 1893 793 1955 ut
808 1882 887 1974 quir
909 1880 1029 1955 fratris
1051 1877 1102 1953 sui
1117 1901 1221 1958 uxo·

143 2005 221 2058 rem
237 1984 309 2056 stne
322 1979 444 2056 liberis
461 1979 617 2055 detentu
631 1981 669 2054 in
684 1981 950 2056 matrimonium
966 1977 1147 2076 adsumat,
1169 1981 1219 2057 ad
1257 2017 1262 2080 i

142 2078 379 2160 suscitandum
392 2081 495 2154 fratri
507 2079 572 2154 suo
586 2079 723 2155 semen:
750 2081 858 2176 idque:
868 2079 990 2174 saepius
1007 2078 1220 2180 evenirein
1254 2081 1263 2180 i

141 2200 249 2256 unam
262 2179 450 2275 personam
462 2177 603 2276 potest,
623 2179 816 2256 secundum
830 2179 991 2256 callidam
1006 2180 1101 2254 islam
1115 2204 1216 2274 que-
1261 2239 1263 2272 ,

140 2279 296 2356 stionem
319 2280 614 2356 Saddueaeorum:
645 2279 730 2356 ideo
751 2279 785 2354 tr
808 2281 891 2355 alias
915 2293 1045 2377 putant
1064 2279 1215 2376 permis·

141 2379 213 2456 sam
239 2377 478 2474 frequentiam
505 2381 735 2476 nuptiarum:
773 2379 979 2479 Intelligere
1008 2379 1214 2479 debebunt,

141 2482 260 2578 primo
282 2481 463 2558 rationem
488 2479 593 2576 ipsun
616 2483 815 2576 precepti,
851 2481 886 2556 bt
908 2484 959 2555 ita
978 2477 1092 2554 scient
1112 2483 1220 2558 iilam

7 2613 8 2616 κ
142 2581 323 2656 rationem
347 2582 420 2676 jam
441 2577 631 2658 cessantem
650 2601 697 2656 ex
719 2582 771 2654 eie
793 2577 892 2678 eise,
928 2601 1005 2676 que
1032 2597 1213 2658 evacuata

142 2681 210 2756 sint
223 2679 325 2776 legis.
374 2677 586 2757 Necessario
602 2677 863 2758 succedendum
878 2697 956 2756 erat
970 2683 1008 2754 in
1024 2683 1214 2757 matrimo-

142 2780 242 2857 nium
255 2779 375 2854 fretris
393 2779 466 2858 fine
484 2782 583 2856 libris
599 2779 766 2859 demite.
816 2780 974 2857 Primum
994 2781 1076 2874 quia
1091 2781 1214 2858 adhuc

143 2894 252 2954 vetus
273 2879 336 2955 ilia
355 2881 559 2956 benedidio
582 2881 773 2958 decurrere
797 2882 977 2958 babebat:
1017 2883 1153 2964 Crescite
1172 2881 1213 2960 dr
1261 2893 1263 2948 Α

8 3069 9 3074 Ν
142 2983 337 3068 redundaret
363 2981 512 3078 dehinc,
537 2984 707 3076 quoniam
723 2997 865 3077 patrum
886 2980 1012 3058 deliria
1035 2982 1146 3058 etiam
1167 2983 1213 3058 de

141 3077 224 3156 filiis
240 3080 497 3178 exigebantur,
516 3083 629 3158 tertio
644 3083 814 3174 quoniam
831 3081 1005 3178 spadones
1024 3079 1215 3158 &sterilet'

142 3181 370 3278 ignominiosr
384 3183 620 3258 habebantur.
658 3181 783 3275 Itaque
799 3205 848 3258 ne
864 3181 1019 3278 proinde
1032 3181 1218 3258 maledidd

140 3279 406 3376 iudicarentur,
433 3285 594 3376 quinon
609 3293 747 3356 naturae
770 3297 895 3380 reatu,
923 3295 960 3356 at
978 3281 1109 3362 morus
1123 3303 1219 3377 prae·

142 3395 262 3454 ventu
282 3383 363 3457 orbi
376 3379 614 3476 demissent,
639 3381 724 3456 ideo
738 3379 806 3456 illis
823 3405 868 3461 er
885 3381 949 3457 suo
964 3401 1097 3479 genere
1112 3383 1214 3458 vica·

142 3479 216 3574 ria,
243 3480 384 3576 &quast
398 3477 741 3578 posthumasoboles
757 3478 1022 3578 supparabatur.
1073 3479 1134 3556 At
1148 3483 1219 3558 ubi·
1260 3555 1263 3562 .

74 3662 80 3681 ¹
142 3577 334 3672 &crescite
353 3581 393 3660 (u
418 3585 591 3656 redundare
618 3584 815 3658 evaeruvit
839 3583 1046 3660 extremitat
1069 3597 1215 3679 tempo.

141 3693 243 3776 rum,
267 3681 461 3780 inducente
478 3681 681 3780 Apostolo:
713 3685 873 3782 segardi,
901 3703 938 3756 ur
958 3683 998 3762 (u
1013 3691 1070 3783 pe·
1089 3687 1217 3756 boine

138 3803 271 3870 mres,
291 3785 334 3880 fic
346 3785 432 3878 fior,
456 3785 527 3880 acfi
542 3803 608 3858 nun
625 3785 781 3882 babeam:
805 3792 882 3884 quja
897 3803 1018 3884 ternpus
1035 3791 1073 3856 in
1090 3783 1218 3882 raedig

139 3880 201 3981 qi,
224 3879 265 3966 θ
279 3881 438 3984 deflerent
456 3907 528 3958 aaa
541 3884 652 3962 acerba
668 3886 848 3986 apartibus
863 3887 1213 3979 mandutetafiliorum

581 4021 595 4034 ³
953 4021 955 4027 ⁴
1081 3988 1159 4060 dm·
