<?xml version="1.0" encoding="UTF-8"?>
<!DOCTYPE html PUBLIC "-//W3C//DTD XHTML 1.0 Transitional//EN"
    "http://www.w3.org/TR/xhtml1/DTD/xhtml1-transitional.dtd">
<html xmlns="http://www.w3.org/1999/xhtml" xml:lang="en" lang="en">
 <head>
  <title>
</title>
<meta http-equiv="Content-Type" content="text/html;charset=utf-8" />
  <meta name='ocr-system' content='tesseract 3.04.00' />
  <meta name='ocr-capabilities' content='ocr_page ocr_carea ocr_par ocr_line ocrx_word'/>
</head>
<body>
  <div class='ocr_page' id='page_1' title='image "./operaomnia00tertgoog_0708.png"; bbox 0 0 2638 4342; ppageno 0'>
   <div class='ocr_carea' id='block_1_1' title="bbox 19 151 1145 326">
    <p class='ocr_par' dir='ltr' id='par_1_1' title="bbox 19 151 1145 326">
     <span class='ocr_line' id='line_1_1' title="bbox 19 151 1145 326; baseline -0.006 -28"><span class='ocrx_word' id='word_1_1' title='bbox 19 151 24 158; x_wconf 20' lang='lat'><em>⁶</em></span> <span class='ocrx_word' id='word_1_2' title='bbox 180 195 260 318; x_wconf 74' lang='lat' dir='ltr'><strong>bqu</strong></span> <span class='ocrx_word' id='word_1_3' title='bbox 311 199 733 317; x_wconf 37' lang='lat' dir='ltr'><strong>&#39;&#39;Qbenrfllron</strong></span> <span class='ocrx_word' id='word_1_4' title='bbox 757 203 1092 326; x_wconf 68' lang='lat' dir='ltr'><strong>Terruerint</strong></span> <span class='ocrx_word' id='word_1_5' title='bbox 1143 212 1145 220; x_wconf 76' lang='grc'>’</span> 
     </span>
    </p>
   </div>
   <div class='ocr_carea' id='block_1_2' title="bbox 5 353 1314 3966">
    <p class='ocr_par' dir='ltr' id='par_1_2' title="bbox 5 353 1314 3966">
     <span class='ocr_line' id='line_1_2' title="bbox 128 353 979 472; baseline -0.005 -18"><span class='ocrx_word' id='word_1_6' title='bbox 128 371 135 379; x_wconf 75' lang='grc'><strong>’</strong></span> <span class='ocrx_word' id='word_1_7' title='bbox 186 353 249 454; x_wconf 73' lang='lat' dir='ltr'><strong>lle</strong></span> <span class='ocrx_word' id='word_1_8' title='bbox 270 386 339 472; x_wconf 83' lang='lat' dir='ltr'><strong>&#39;que</strong></span> <span class='ocrx_word' id='word_1_9' title='bbox 354 375 497 450; x_wconf 82' lang='lat' dir='ltr'><strong>dicebat</strong></span> <span class='ocrx_word' id='word_1_10' title='bbox 515 391 579 470; x_wconf 85' lang='lat' dir='ltr'><strong>per</strong></span> <span class='ocrx_word' id='word_1_11' title='bbox 596 385 701 452; x_wconf 80' lang='lat' dir='ltr'><strong>vetes</strong></span> <span class='ocrx_word' id='word_1_12' title='bbox 719 369 860 470; x_wconf 87' lang='lat' dir='ltr'><strong>spiritus</strong></span> <span class='ocrx_word' id='word_1_13' title='bbox 875 375 979 452; x_wconf 84' lang='lat' dir='ltr'><strong>olim:</strong></span> 
     </span>
     <span class='ocr_line' id='line_1_3' title="bbox 48 463 1314 579; baseline -0.004 -23"><span class='ocrx_word' id='word_1_14' title='bbox 48 565 51 579; x_wconf 30' lang='grc' dir='ltr'>Ι</span> <span class='ocrx_word' id='word_1_15' title='bbox 139 463 277 556; x_wconf 62' lang='lat' dir='ltr'><strong>‘Haec</strong></span> <span class='ocrx_word' id='word_1_16' title='bbox 290 477 575 578; x_wconf 85' lang='lat' dir='ltr'><strong>genuitgentem</strong></span> <span class='ocrx_word' id='word_1_17' title='bbox 591 477 710 550; x_wconf 87' lang='lat' dir='ltr'><strong>multis</strong></span> <span class='ocrx_word' id='word_1_18' title='bbox 727 497 773 548; x_wconf 86' lang='lat' dir='ltr'><strong>ex</strong></span> <span class='ocrx_word' id='word_1_19' title='bbox 787 475 953 572; x_wconf 88' lang='lat' dir='ltr'><strong>gentibus</strong></span> <span class='ocrx_word' id='word_1_20' title='bbox 967 495 1088 570; x_wconf 80' lang='lat' dir='ltr'><strong>rrnun,</strong></span> <span class='ocrx_word' id='word_1_21' title='bbox 1306 533 1314 578; x_wconf 48' lang='lat'><strong><em>4</em></strong></span> 
     </span>
     <span class='ocr_line' id='line_1_4' title="bbox 189 575 1200 672; baseline -0.005 -20"><span class='ocrx_word' id='word_1_22' title='bbox 189 576 300 672; x_wconf 83' lang='lat' dir='ltr'><strong>eujus</strong></span> <span class='ocrx_word' id='word_1_23' title='bbox 315 576 492 671; x_wconf 81' lang='lat' dir='ltr'><strong>principio</strong></span> <span class='ocrx_word' id='word_1_24' title='bbox 510 575 646 668; x_wconf 81' lang='lat' dir='ltr'>semper</span> <span class='ocrx_word' id='word_1_25' title='bbox 665 577 722 669; x_wconf 85' lang='lat' dir='ltr'><strong>pia</strong></span> <span class='ocrx_word' id='word_1_26' title='bbox 746 577 903 650; x_wconf 87' lang='lat' dir='ltr'><strong>membra</strong></span> <span class='ocrx_word' id='word_1_27' title='bbox 922 577 1099 650; x_wconf 79' lang='lat' dir='ltr'><strong>laborant</strong></span> <span class='ocrx_word' id='word_1_28' title='bbox 1195 577 1200 585; x_wconf 86' lang='grc'><strong>“</strong></span> 
     </span>
     <span class='ocr_line' id='line_1_5' title="bbox 70 670 1233 774; baseline 0.005 -32"><span class='ocrx_word' id='word_1_29' title='bbox 70 727 83 742; x_wconf 44' lang='lat' dir='ltr'><strong>r</strong></span> <span class='ocrx_word' id='word_1_30' title='bbox 125 727 128 738; x_wconf 87' lang='lat'><strong>.</strong></span> <span class='ocrx_word' id='word_1_31' title='bbox 241 695 279 752; x_wconf 61' lang='lat'><strong>2.»</strong></span> <span class='ocrx_word' id='word_1_32' title='bbox 298 675 414 769; x_wconf 75' lang='lat' dir='ltr'><strong>Huius</strong></span> <span class='ocrx_word' id='word_1_33' title='bbox 432 675 525 748; x_wconf 84' lang='lat' dir='ltr'>Abel</span> <span class='ocrx_word' id='word_1_34' title='bbox 540 673 651 768; x_wconf 89' lang='lat' dir='ltr'><strong>justus</strong></span> <span class='ocrx_word' id='word_1_35' title='bbox 667 670 788 768; x_wconf 81' lang='lat' dir='ltr'><strong>pastor</strong></span> <span class='ocrx_word' id='word_1_36' title='bbox 802 673 1051 768; x_wconf 86' lang='lat' dir='ltr'><strong>pecudumque</strong></span> <span class='ocrx_word' id='word_1_37' title='bbox 1063 673 1233 774; x_wconf 82' lang='lat' dir='ltr'><strong>magister</strong></span> 
     </span>
     <span class='ocr_line' id='line_1_6' title="bbox 74 775 1259 866; baseline 0.004 -18"><span class='ocrx_word' id='word_1_38' title='bbox 74 798 77 804; x_wconf 64' lang='grc'><em>“</em></span> <span class='ocrx_word' id='word_1_39' title='bbox 186 777 367 854; x_wconf 83' lang='lat' dir='ltr'><strong>Fraternae</strong></span> <span class='ocrx_word' id='word_1_40' title='bbox 384 775 520 855; x_wconf 88' lang='lat' dir='ltr'><strong>occidit</strong></span> <span class='ocrx_word' id='word_1_41' title='bbox 538 795 643 866; x_wconf 90' lang='lat' dir='ltr'><strong>quern</strong></span> <span class='ocrx_word' id='word_1_42' title='bbox 661 775 748 850; x_wconf 90' lang='lat' dir='ltr'><strong>olim</strong></span> <span class='ocrx_word' id='word_1_43' title='bbox 763 775 939 851; x_wconf 82' lang='lat' dir='ltr'><strong>violentia</strong></span> <span class='ocrx_word' id='word_1_44' title='bbox 953 775 1099 850; x_wconf 78' lang='lat' dir='ltr'><strong>dextre.</strong></span> <span class='ocrx_word' id='word_1_45' title='bbox 1254 841 1259 853; x_wconf 94' lang='lat'><strong><em>.</em></strong></span> 
     </span>
     <span class='ocr_line' id='line_1_7' title="bbox 187 873 1226 972; baseline -0.001 -23"><span class='ocrx_word' id='word_1_46' title='bbox 187 879 305 970; x_wconf 88' lang='lat' dir='ltr'><strong>Hujus</strong></span> <span class='ocrx_word' id='word_1_47' title='bbox 323 873 476 968; x_wconf 82' lang='lat' dir='ltr'>Enoch,</span> <span class='ocrx_word' id='word_1_48' title='bbox 502 873 636 972; x_wconf 88' lang='lat' dir='ltr'><strong>infigne</strong></span> <span class='ocrx_word' id='word_1_49' title='bbox 653 873 761 948; x_wconf 90' lang='lat' dir='ltr'><strong>decus</strong></span> <span class='ocrx_word' id='word_1_50' title='bbox 780 875 829 948; x_wconf 87' lang='lat' dir='ltr'><strong>de</strong></span> <span class='ocrx_word' id='word_1_51' title='bbox 844 895 1003 968; x_wconf 89' lang='lat' dir='ltr'><strong>corpore</strong></span> <span class='ocrx_word' id='word_1_52' title='bbox 1019 875 1226 957; x_wconf 80' lang='lat' dir='ltr'><strong>membrum</strong></span> 
     </span>
     <span class='ocr_line' id='line_1_8' title="bbox 186 967 1072 1072; baseline -0.001 -21"><span class='ocrx_word' id='word_1_53' title='bbox 186 977 273 1051; x_wconf 91' lang='lat' dir='ltr'><strong>Deo</strong></span> <span class='ocrx_word' id='word_1_54' title='bbox 290 971 457 1072; x_wconf 78' lang='lat' dir='ltr'><strong>digrelios</strong></span> <span class='ocrx_word' id='word_1_55' title='bbox 477 976 635 1072; x_wconf 87' lang='lat' dir='ltr'><strong>pupulos</strong></span> <span class='ocrx_word' id='word_1_56' title='bbox 649 967 859 1066; x_wconf 75' lang='lat' dir='ltr'><strong>facinusque</strong></span> <span class='ocrx_word' id='word_1_57' title='bbox 872 971 1072 1070; x_wconf 83' lang='lat' dir='ltr'><strong>sequentes,</strong></span> 
     </span>
     <span class='ocr_line' id='line_1_9' title="bbox 187 1073 1239 1174; baseline 0.001 -26"><span class='ocrx_word' id='word_1_58' title='bbox 187 1073 287 1174; x_wconf 83' lang='lat' dir='ltr'><strong>Dum</strong></span> <span class='ocrx_word' id='word_1_59' title='bbox 301 1073 391 1150; x_wconf 87' lang='lat' dir='ltr'><strong>furit</strong></span> <span class='ocrx_word' id='word_1_60' title='bbox 403 1075 441 1148; x_wconf 92' lang='lat' dir='ltr'><strong>in</strong></span> <span class='ocrx_word' id='word_1_61' title='bbox 458 1075 563 1148; x_wconf 83' lang='lat' dir='ltr'><strong>terris</strong></span> <span class='ocrx_word' id='word_1_62' title='bbox 581 1075 784 1170; x_wconf 82' lang='lat' dir='ltr'><strong>refugarum</strong></span> <span class='ocrx_word' id='word_1_63' title='bbox 805 1075 910 1148; x_wconf 87' lang='lat' dir='ltr'><strong>turba</strong></span> <span class='ocrx_word' id='word_1_64' title='bbox 927 1075 1125 1169; x_wconf 82' lang='lat' dir='ltr'><strong>latronum,</strong></span> <span class='ocrx_word' id='word_1_65' title='bbox 1233 1101 1239 1110; x_wconf 90' lang='lat'>·</span> 
     </span>
     <span class='ocr_line' id='line_1_10' title="bbox 186 1170 1131 1274; baseline -0.003 -25"><span class='ocrx_word' id='word_1_66' title='bbox 186 1173 405 1274; x_wconf 86' lang='lat' dir='ltr'><strong>Sagrilegum</strong></span> <span class='ocrx_word' id='word_1_67' title='bbox 423 1191 533 1269; x_wconf 85' lang='lat' dir='ltr'><strong>genus</strong></span> <span class='ocrx_word' id='word_1_68' title='bbox 548 1187 590 1245; x_wconf 93' lang='lat' dir='ltr'><strong>ut</strong></span> <span class='ocrx_word' id='word_1_69' title='bbox 604 1172 746 1270; x_wconf 87' lang='lat' dir='ltr'><strong>fugeret</strong></span> <span class='ocrx_word' id='word_1_70' title='bbox 759 1174 904 1248; x_wconf 87' lang='lat' dir='ltr'><strong>crudele</strong></span> <span class='ocrx_word' id='word_1_71' title='bbox 916 1174 1111 1270; x_wconf 83' lang='lat' dir='ltr'><strong>gigantum,</strong></span> <span class='ocrx_word' id='word_1_72' title='bbox 1128 1170 1131 1176; x_wconf 70' lang='grc'>”</span> 
     </span>
     <span class='ocr_line' id='line_1_11' title="bbox 38 1269 1220 1370; baseline -0.002 -20"><span class='ocrx_word' id='word_1_73' title='bbox 38 1343 41 1350; x_wconf 92' lang='grc'>.</span> <span class='ocrx_word' id='word_1_74' title='bbox 188 1273 583 1367; x_wconf 84' lang='lat' dir='ltr'><strong>Conlilio-revocabat,</strong></span> <span class='ocrx_word' id='word_1_75' title='bbox 607 1275 646 1346; x_wconf 89' lang='lat' dir='ltr'><strong>in</strong></span> <span class='ocrx_word' id='word_1_76' title='bbox 664 1273 830 1346; x_wconf 89' lang='lat' dir='ltr'><strong>omnibus</strong></span> <span class='ocrx_word' id='word_1_77' title='bbox 847 1271 919 1368; x_wconf 86' lang='lat' dir='ltr'><strong>ipse</strong></span> <span class='ocrx_word' id='word_1_78' title='bbox 936 1269 1065 1370; x_wconf 87' lang='lat' dir='ltr'><strong>fidelis,</strong></span> <span class='ocrx_word' id='word_1_79' title='bbox 1218 1301 1220 1306; x_wconf 94' lang='lat'>·</span> 
     </span>
     <span class='ocr_line' id='line_1_12' title="bbox 185 1371 1019 1471; baseline -0.005 -21"><span class='ocrx_word' id='word_1_80' title='bbox 185 1373 328 1471; x_wconf 84' lang='lat' dir='ltr'><strong>Ingenti</strong></span> <span class='ocrx_word' id='word_1_81' title='bbox 344 1373 478 1470; x_wconf 86' lang='lat' dir='ltr'><strong>gemitu</strong></span> <span class='ocrx_word' id='word_1_82' title='bbox 493 1371 646 1466; x_wconf 81' lang='lat' dir='ltr'><strong>placuit,</strong></span> <span class='ocrx_word' id='word_1_83' title='bbox 671 1373 875 1464; x_wconf 90' lang='lat' dir='ltr'><strong>meritoque</strong></span> <span class='ocrx_word' id='word_1_84' title='bbox 892 1373 1019 1446; x_wconf 83' lang='lat' dir='ltr'><strong>labore</strong></span> 
     </span>
     <span class='ocr_line' id='line_1_13' title="bbox 32 1464 1051 1568; baseline 0 -21"><span class='ocrx_word' id='word_1_85' title='bbox 32 1505 36 1520; x_wconf 45' lang='lat' dir='ltr'><strong><em>s</em></strong></span> <span class='ocrx_word' id='word_1_86' title='bbox 188 1464 418 1548; x_wconf 82' lang='lat' dir='ltr'><strong>Translatum</strong></span> <span class='ocrx_word' id='word_1_87' title='bbox 431 1493 561 1568; x_wconf 82' lang='lat' dir='ltr'><strong>magno</strong></span> <span class='ocrx_word' id='word_1_88' title='bbox 575 1473 703 1568; x_wconf 86' lang='lat' dir='ltr'><strong>pignus</strong></span> <span class='ocrx_word' id='word_1_89' title='bbox 718 1469 880 1546; x_wconf 84' lang='lat' dir='ltr'><strong>servatur</strong></span> <span class='ocrx_word' id='word_1_90' title='bbox 896 1473 1051 1546; x_wconf 85' lang='lat' dir='ltr'><strong>honore.</strong></span> 
     </span>
     <span class='ocr_line' id='line_1_14' title="bbox 128 1569 1279 1666; baseline 0.003 -18"><span class='ocrx_word' id='word_1_91' title='bbox 128 1611 130 1618; x_wconf 46' lang='lat'><strong>⁴</strong></span> <span class='ocrx_word' id='word_1_92' title='bbox 189 1571 372 1661; x_wconf 73' lang='lat' dir='ltr'><strong>Perfetbus</strong></span> <span class='ocrx_word' id='word_1_93' title='bbox 387 1571 511 1664; x_wconf 82' lang='lat' dir='ltr'><strong>leude,</strong></span> <span class='ocrx_word' id='word_1_94' title='bbox 539 1569 659 1646; x_wconf 77' lang='lat' dir='ltr'><strong>&amp;sine</strong></span> <span class='ocrx_word' id='word_1_95' title='bbox 674 1573 778 1666; x_wconf 89' lang='lat' dir='ltr'><strong>culpe</strong></span> <span class='ocrx_word' id='word_1_96' title='bbox 794 1571 881 1646; x_wconf 85' lang='lat' dir='ltr'><strong>Noa</strong></span> <span class='ocrx_word' id='word_1_97' title='bbox 898 1583 1063 1664; x_wconf 83' lang='lat' dir='ltr'><strong>repertus</strong></span> <span class='ocrx_word' id='word_1_98' title='bbox 1194 1651 1199 1656; x_wconf 86' lang='grc'><strong>,</strong></span> <span class='ocrx_word' id='word_1_99' title='bbox 1278 1611 1279 1616; x_wconf 37' lang='lat'>¹</span> 
     </span>
     <span class='ocr_line' id='line_1_15' title="bbox 187 1669 1014 1766; baseline 0.001 -19"><span class='ocrx_word' id='word_1_100' title='bbox 187 1669 421 1752; x_wconf 85' lang='lat' dir='ltr'><strong>Testificrnte</strong></span> <span class='ocrx_word' id='word_1_101' title='bbox 435 1669 522 1744; x_wconf 90' lang='lat' dir='ltr'><strong>Deo</strong></span> <span class='ocrx_word' id='word_1_102' title='bbox 533 1670 645 1763; x_wconf 87' lang='lat' dir='ltr'><strong>justus</strong></span> <span class='ocrx_word' id='word_1_103' title='bbox 660 1669 698 1746; x_wconf 91' lang='lat' dir='ltr'><strong>iu</strong></span> <span class='ocrx_word' id='word_1_104' title='bbox 718 1671 881 1745; x_wconf 84' lang='lat' dir='ltr'><strong>adultera</strong></span> <span class='ocrx_word' id='word_1_105' title='bbox 893 1671 1014 1766; x_wconf 85' lang='lat' dir='ltr'><strong>plebe,</strong></span> 
     </span>
     <span class='ocr_line' id='line_1_16' title="bbox 8 1766 992 1868; baseline -0.001 -21"><span class='ocrx_word' id='word_1_106' title='bbox 8 1842 10 1853; x_wconf 90' lang='grc'>,</span> <span class='ocrx_word' id='word_1_107' title='bbox 49 1842 51 1868; x_wconf 25' lang='grc' dir='ltr'><em>ἦ</em></span> <span class='ocrx_word' id='word_1_108' title='bbox 157 1766 165 1782; x_wconf 66' lang='grc'><strong>“</strong></span> <span class='ocrx_word' id='word_1_109' title='bbox 187 1773 247 1848; x_wconf 91' lang='lat' dir='ltr'><strong>Bis</strong></span> <span class='ocrx_word' id='word_1_110' title='bbox 266 1771 519 1867; x_wconf 81' lang='lat' dir='ltr'><strong>quinquagenis</strong></span> <span class='ocrx_word' id='word_1_111' title='bbox 537 1789 653 1846; x_wconf 79' lang='lat' dir='ltr'><strong>arcem</strong></span> <span class='ocrx_word' id='word_1_112' title='bbox 667 1773 728 1864; x_wconf 89' lang='lat' dir='ltr'><strong>qui</strong></span> <span class='ocrx_word' id='word_1_113' title='bbox 744 1773 862 1846; x_wconf 85' lang='lat' dir='ltr'><strong>texuit</strong></span> <span class='ocrx_word' id='word_1_114' title='bbox 877 1773 992 1866; x_wconf 86' lang='lat' dir='ltr'><strong>annis,</strong></span> 
     </span>
     <span class='ocr_line' id='line_1_17' title="bbox 188 1869 1033 1970; baseline -0.001 -24"><span class='ocrx_word' id='word_1_115' title='bbox 188 1873 394 1970; x_wconf 82' lang='lat' dir='ltr'><strong>Venturum</strong></span> <span class='ocrx_word' id='word_1_116' title='bbox 409 1871 587 1945; x_wconf 80' lang='lat' dir='ltr'><strong>excidium</strong></span> <span class='ocrx_word' id='word_1_117' title='bbox 605 1869 702 1944; x_wconf 71' lang='lat' dir='ltr'><strong>factis</strong></span> <span class='ocrx_word' id='word_1_118' title='bbox 717 1870 751 1944; x_wconf 74' lang='grc' dir='ltr'><strong>δι</strong></span> <span class='ocrx_word' id='word_1_119' title='bbox 764 1891 863 1948; x_wconf 88' lang='lat' dir='ltr'><strong>voce</strong></span> <span class='ocrx_word' id='word_1_120' title='bbox 877 1869 1033 1967; x_wconf 81' lang='lat' dir='ltr'><strong>ferebat,</strong></span> 
     </span>
     <span class='ocr_line' id='line_1_18' title="bbox 188 1969 1007 2066; baseline 0 -21"><span class='ocrx_word' id='word_1_121' title='bbox 188 1971 393 2046; x_wconf 90' lang='lat' dir='ltr'><strong>Promeruit</strong></span> <span class='ocrx_word' id='word_1_122' title='bbox 405 1971 513 2042; x_wconf 84' lang='lat' dir='ltr'><strong>tantis</strong></span> <span class='ocrx_word' id='word_1_123' title='bbox 530 1983 672 2062; x_wconf 87' lang='lat' dir='ltr'><strong>ereptus</strong></span> <span class='ocrx_word' id='word_1_124' title='bbox 686 1973 813 2044; x_wconf 87' lang='lat' dir='ltr'><strong>mortis</strong></span> <span class='ocrx_word' id='word_1_125' title='bbox 827 1971 871 2044; x_wconf 86' lang='lat' dir='ltr'><strong>eb</strong></span> <span class='ocrx_word' id='word_1_126' title='bbox 887 1969 1007 2066; x_wconf 89' lang='lat' dir='ltr'><strong>undis,</strong></span> 
     </span>
     <span class='ocr_line' id='line_1_19' title="bbox 187 2065 1073 2164; baseline 0.002 -20"><span class='ocrx_word' id='word_1_127' title='bbox 187 2067 335 2144; x_wconf 84' lang='lat' dir='ltr'><strong>Etcum</strong></span> <span class='ocrx_word' id='word_1_128' title='bbox 350 2069 454 2162; x_wconf 87' lang='lat' dir='ltr'><strong>prole</strong></span> <span class='ocrx_word' id='word_1_129' title='bbox 470 2065 714 2144; x_wconf 72' lang='lat' dir='ltr'><strong>suaser&#39;vamr.</strong></span> <span class='ocrx_word' id='word_1_130' title='bbox 767 2068 887 2142; x_wconf 91' lang='lat' dir='ltr'><strong>Gente</strong></span> <span class='ocrx_word' id='word_1_131' title='bbox 902 2067 1073 2164; x_wconf 86' lang='lat' dir='ltr'><strong>sequente</strong></span> 
     </span>
     <span class='ocr_line' id='line_1_20' title="bbox 186 2166 1084 2267; baseline -0.001 -23"><span class='ocrx_word' id='word_1_132' title='bbox 186 2169 253 2244; x_wconf 87' lang='lat' dir='ltr'><strong>Est</strong></span> <span class='ocrx_word' id='word_1_133' title='bbox 267 2167 468 2260; x_wconf 85' lang='lat' dir='ltr'><strong>Abraham,</strong></span> <span class='ocrx_word' id='word_1_134' title='bbox 495 2169 595 2262; x_wconf 85' lang='lat' dir='ltr'><strong>cujus</strong></span> <span class='ocrx_word' id='word_1_135' title='bbox 608 2183 738 2265; x_wconf 78' lang='lat' dir='ltr'><strong>gnatos</strong></span> <span class='ocrx_word' id='word_1_136' title='bbox 753 2188 824 2244; x_wconf 89' lang='lat' dir='ltr'><strong>vos</strong></span> <span class='ocrx_word' id='word_1_137' title='bbox 841 2166 910 2242; x_wconf 80' lang='lat' dir='ltr'><strong>ess‘e</strong></span> <span class='ocrx_word' id='word_1_138' title='bbox 928 2171 1084 2267; x_wconf 83' lang='lat' dir='ltr'><strong>negetis,</strong></span> 
     </span>
     <span class='ocr_line' id='line_1_21' title="bbox 5 2267 1152 2368; baseline 0.01 -29"><span class='ocrx_word' id='word_1_139' title='bbox 5 2313 16 2356; x_wconf 75' lang='lat'><strong>,</strong></span> <span class='ocrx_word' id='word_1_140' title='bbox 106 2353 108 2358; x_wconf 23' lang='lat'>¹</span> <span class='ocrx_word' id='word_1_141' title='bbox 191 2269 264 2368; x_wconf 91' lang='lat' dir='ltr'><strong>Qui</strong></span> <span class='ocrx_word' id='word_1_142' title='bbox 285 2269 418 2362; x_wconf 89' lang='lat' dir='ltr'><strong>primus</strong></span> <span class='ocrx_word' id='word_1_143' title='bbox 436 2287 566 2364; x_wconf 85' lang='lat' dir='ltr'><strong>genere</strong></span> <span class='ocrx_word' id='word_1_144' title='bbox 585 2267 770 2364; x_wconf 69' lang='lat' dir='ltr'><strong>(lupatria,</strong></span> <span class='ocrx_word' id='word_1_145' title='bbox 796 2267 1010 2366; x_wconf 86' lang='lat' dir='ltr'><strong>&amp;genitore</strong></span> <span class='ocrx_word' id='word_1_146' title='bbox 1022 2270 1152 2350; x_wconf 70' lang='lat' dir='ltr'><strong>relies</strong></span> 
     </span>
     <span class='ocr_line' id='line_1_22' title="bbox 189 2363 998 2466; baseline -0.001 -23"><span class='ocrx_word' id='word_1_147' title='bbox 189 2371 300 2443; x_wconf 88' lang='lat' dir='ltr'><strong>Voce</strong></span> <span class='ocrx_word' id='word_1_148' title='bbox 315 2365 388 2442; x_wconf 91' lang='lat' dir='ltr'><strong>Dei</strong></span> <span class='ocrx_word' id='word_1_149' title='bbox 404 2363 518 2441; x_wconf 84' lang='lat' dir='ltr'><strong>suasus</strong></span> <span class='ocrx_word' id='word_1_150' title='bbox 533 2365 665 2442; x_wconf 88' lang='lat' dir='ltr'><strong>seceliit</strong></span> <span class='ocrx_word' id='word_1_151' title='bbox 680 2369 718 2442; x_wconf 92' lang='lat' dir='ltr'><strong>in</strong></span> <span class='ocrx_word' id='word_1_152' title='bbox 737 2383 860 2442; x_wconf 83' lang='lat' dir='ltr'><strong>extera</strong></span> <span class='ocrx_word' id='word_1_153' title='bbox 874 2389 998 2466; x_wconf 83' lang='lat' dir='ltr'><strong>regne,</strong></span> 
     </span>
     <span class='ocr_line' id='line_1_23' title="bbox 189 2462 1073 2566; baseline 0.001 -23"><span class='ocrx_word' id='word_1_154' title='bbox 189 2466 333 2543; x_wconf 86' lang='lat' dir='ltr'><strong>Tantos</strong></span> <span class='ocrx_word' id='word_1_155' title='bbox 350 2465 423 2540; x_wconf 90' lang='lat' dir='ltr'><strong>Dei</strong></span> <span class='ocrx_word' id='word_1_156' title='bbox 440 2469 570 2542; x_wconf 86' lang='lat' dir='ltr'><strong>meruit</strong></span> <span class='ocrx_word' id='word_1_157' title='bbox 584 2462 739 2542; x_wconf 89' lang='lat' dir='ltr'><strong>sublimis</strong></span> <span class='ocrx_word' id='word_1_158' title='bbox 753 2467 877 2566; x_wconf 78' lang='lat' dir='ltr'><strong>dignus</strong></span> <span class='ocrx_word' id='word_1_159' title='bbox 897 2469 1073 2562; x_wconf 86' lang='lat' dir='ltr'><strong>honores,</strong></span> 
     </span>
     <span class='ocr_line' id='line_1_24' title="bbox 95 2565 1258 2673; baseline 0.005 -33"><span class='ocrx_word' id='word_1_160' title='bbox 95 2623 97 2626; x_wconf 83' lang='grc'>-</span> <span class='ocrx_word' id='word_1_161' title='bbox 157 2576 159 2582; x_wconf 78' lang='grc'>’</span> <span class='ocrx_word' id='word_1_162' title='bbox 191 2566 429 2662; x_wconf 77' lang='lat' dir='ltr'><strong>Gentibusut</strong></span> <span class='ocrx_word' id='word_1_163' title='bbox 443 2581 545 2659; x_wconf 85' lang='lat' dir='ltr'><strong>pater</strong></span> <span class='ocrx_word' id='word_1_164' title='bbox 563 2565 597 2640; x_wconf 79' lang='lat' dir='ltr'><strong>u</strong></span> <span class='ocrx_word' id='word_1_165' title='bbox 612 2568 755 2673; x_wconf 87' lang='lat' dir='ltr'><strong>populis</strong></span> <span class='ocrx_word' id='word_1_166' title='bbox 771 2569 1000 2644; x_wconf 86' lang='lat' dir='ltr'><strong>credentibus</strong></span> <span class='ocrx_word' id='word_1_167' title='bbox 1016 2567 1113 2646; x_wconf 79' lang='lat' dir='ltr'><strong>effer</strong></span> <span class='ocrx_word' id='word_1_168' title='bbox 1252 2589 1258 2597; x_wconf 87' lang='lat'>·</span> 
     </span>
     <span class='ocr_line' id='line_1_25' title="bbox 72 2665 1206 2764; baseline 0.007 -22"><span class='ocrx_word' id='word_1_169' title='bbox 72 2732 80 2742; x_wconf 82' lang='grc'>.</span> <span class='ocrx_word' id='word_1_170' title='bbox 191 2665 283 2739; x_wconf 92' lang='lat' dir='ltr'><strong>Curn</strong></span> <span class='ocrx_word' id='word_1_171' title='bbox 298 2665 456 2760; x_wconf 82' lang='lat' dir='ltr'><strong>patribus</strong></span> <span class='ocrx_word' id='word_1_172' title='bbox 470 2665 605 2760; x_wconf 83' lang='lat' dir='ltr'><strong>Jacob,</strong></span> <span class='ocrx_word' id='word_1_173' title='bbox 633 2685 785 2760; x_wconf 88' lang='lat' dir='ltr'><strong>quorum</strong></span> <span class='ocrx_word' id='word_1_174' title='bbox 804 2681 907 2761; x_wconf 86' lang='lat' dir='ltr'><strong>peter</strong></span> <span class='ocrx_word' id='word_1_175' title='bbox 921 2665 994 2762; x_wconf 89' lang='lat' dir='ltr'><strong>ipse</strong></span> <span class='ocrx_word' id='word_1_176' title='bbox 1008 2688 1074 2764; x_wconf 91' lang='lat' dir='ltr'><strong>per</strong></span> <span class='ocrx_word' id='word_1_177' title='bbox 1090 2689 1206 2750; x_wconf 86' lang='lat' dir='ltr'><strong>omne</strong></span> 
     </span>
     <span class='ocr_line' id='line_1_26' title="bbox 189 2759 1037 2860; baseline 0.005 -22"><span class='ocrx_word' id='word_1_178' title='bbox 189 2762 288 2838; x_wconf 84' lang='lat' dir='ltr'><strong>Vitae</strong></span> <span class='ocrx_word' id='word_1_179' title='bbox 304 2760 372 2838; x_wconf 85' lang='lat' dir='ltr'><strong>suae</strong></span> <span class='ocrx_word' id='word_1_180' title='bbox 387 2759 535 2857; x_wconf 88' lang='lat' dir='ltr'><strong>spatium</strong></span> <span class='ocrx_word' id='word_1_181' title='bbox 551 2761 716 2841; x_wconf 77' lang='lat' dir='ltr'><strong>laetillrma</strong></span> <span class='ocrx_word' id='word_1_182' title='bbox 731 2781 896 2860; x_wconf 88' lang='lat' dir='ltr'><strong>ternpore</strong></span> <span class='ocrx_word' id='word_1_183' title='bbox 909 2765 1037 2842; x_wconf 89' lang='lat' dir='ltr'><strong>Christi</strong></span> 
     </span>
     <span class='ocr_line' id='line_1_27' title="bbox 190 2863 1035 2959; baseline 0.005 -18"><span class='ocrx_word' id='word_1_184' title='bbox 190 2863 401 2941; x_wconf 82' lang='lat' dir='ltr'><strong>Prececinit</strong></span> <span class='ocrx_word' id='word_1_185' title='bbox 418 2864 558 2956; x_wconf 89' lang='lat' dir='ltr'><strong>verbis,</strong></span> <span class='ocrx_word' id='word_1_186' title='bbox 587 2863 685 2958; x_wconf 78' lang='lat' dir='ltr'><strong>eliu,</strong></span> <span class='ocrx_word' id='word_1_187' title='bbox 711 2865 872 2959; x_wconf 67' lang='lat' dir='ltr'><strong>vitute,</strong></span> <span class='ocrx_word' id='word_1_188' title='bbox 899 2868 1035 2944; x_wconf 82' lang='lat' dir='ltr'><strong>labore.</strong></span> 
     </span>
     <span class='ocr_line' id='line_1_28' title="bbox 36 2961 1258 3066; baseline 0.002 -27"><span class='ocrx_word' id='word_1_189' title='bbox 36 3043 38 3054; x_wconf 66' lang='grc'>,</span> <span class='ocrx_word' id='word_1_190' title='bbox 191 2965 301 3043; x_wconf 89' lang='lat' dir='ltr'><strong>Hunc</strong></span> <span class='ocrx_word' id='word_1_191' title='bbox 315 2961 472 3058; x_wconf 87' lang='lat' dir='ltr'><strong>sequitur</strong></span> <span class='ocrx_word' id='word_1_192' title='bbox 486 2962 638 3058; x_wconf 87' lang='lat' dir='ltr'><strong>Joseph,</strong></span> <span class='ocrx_word' id='word_1_193' title='bbox 658 2963 760 3049; x_wconf 77' lang='lat' dir='ltr'><strong>foeuae</strong></span> <span class='ocrx_word' id='word_1_194' title='bbox 774 2965 846 3040; x_wconf 85' lang='lat' dir='ltr'><strong>ime</strong></span> <span class='ocrx_word' id='word_1_195' title='bbox 858 2963 963 3040; x_wconf 89' lang='lat' dir='ltr'><strong>sorde</strong></span> <span class='ocrx_word' id='word_1_196' title='bbox 973 2967 1151 3066; x_wconf 72' lang='lat' dir='ltr'><strong>juvente,</strong></span> <span class='ocrx_word' id='word_1_197' title='bbox 1254 3034 1258 3042; x_wconf 85' lang='lat'><strong>.</strong></span> 
     </span>
     <span class='ocr_line' id='line_1_29' title="bbox 191 3055 1005 3160; baseline 0.009 -23"><span class='ocrx_word' id='word_1_198' title='bbox 191 3055 354 3137; x_wconf 85' lang='lat' dir='ltr'><strong>Carceris</strong></span> <span class='ocrx_word' id='word_1_199' title='bbox 368 3063 402 3136; x_wconf 75' lang='grc' dir='ltr'><strong>δι</strong></span> <span class='ocrx_word' id='word_1_200' title='bbox 416 3063 511 3139; x_wconf 76' lang='lat' dir='ltr'><strong>dure</strong></span> <span class='ocrx_word' id='word_1_201' title='bbox 529 3059 682 3138; x_wconf 73' lang='lat' dir='ltr'><strong>conficta</strong></span> <span class='ocrx_word' id='word_1_202' title='bbox 696 3065 869 3140; x_wconf 84' lang='lat' dir='ltr'><strong>calumnie</strong></span> <span class='ocrx_word' id='word_1_203' title='bbox 882 3087 1005 3160; x_wconf 67' lang='lat' dir='ltr'><strong>poene</strong></span> 
     </span>
     <span class='ocr_line' id='line_1_30' title="bbox 192 3155 1136 3264; baseline 0.008 -28"><span class='ocrx_word' id='word_1_204' title='bbox 192 3155 320 3236; x_wconf 87' lang='lat' dir='ltr'><strong>Gloria</strong></span> <span class='ocrx_word' id='word_1_205' title='bbox 336 3161 418 3258; x_wconf 89' lang='lat' dir='ltr'><strong>post</strong></span> <span class='ocrx_word' id='word_1_206' title='bbox 432 3163 605 3260; x_wconf 87' lang='lat' dir='ltr'><strong>gemitus,</strong></span> <span class='ocrx_word' id='word_1_207' title='bbox 631 3165 801 3260; x_wconf 89' lang='lat' dir='ltr'><strong>regnique</strong></span> <span class='ocrx_word' id='word_1_208' title='bbox 812 3161 966 3240; x_wconf 88' lang='lat' dir='ltr'><strong>secunda</strong></span> <span class='ocrx_word' id='word_1_209' title='bbox 982 3185 1136 3264; x_wconf 77' lang='lat' dir='ltr'><strong>corone,</strong></span> 
     </span>
     <span class='ocr_line' id='line_1_31' title="bbox 189 3259 1024 3361; baseline 0.006 -24"><span class='ocrx_word' id='word_1_210' title='bbox 189 3263 305 3355; x_wconf 90' lang='lat' dir='ltr'><strong>Inque</strong></span> <span class='ocrx_word' id='word_1_211' title='bbox 320 3259 413 3354; x_wconf 76' lang='lat' dir='ltr'><strong>fame</strong></span> <span class='ocrx_word' id='word_1_212' title='bbox 431 3263 531 3356; x_wconf 86' lang='lat' dir='ltr'><strong>panis</strong></span> <span class='ocrx_word' id='word_1_213' title='bbox 550 3263 729 3340; x_wconf 87' lang='lat' dir='ltr'><strong>tribuendi</strong></span> <span class='ocrx_word' id='word_1_214' title='bbox 744 3265 839 3361; x_wconf 82' lang='lat' dir='ltr'><strong>larga</strong></span> <span class='ocrx_word' id='word_1_215' title='bbox 855 3265 1024 3358; x_wconf 83' lang='lat' dir='ltr'><strong>potestas.</strong></span> 
     </span>
     <span class='ocr_line' id='line_1_32' title="bbox 189 3357 1096 3466; baseline 0.012 -32"><span class='ocrx_word' id='word_1_216' title='bbox 189 3359 283 3435; x_wconf 88' lang='lat' dir='ltr'><strong>Tam</strong></span> <span class='ocrx_word' id='word_1_217' title='bbox 301 3361 448 3454; x_wconf 89' lang='lat' dir='ltr'><strong>proprie</strong></span> <span class='ocrx_word' id='word_1_218' title='bbox 468 3357 615 3454; x_wconf 87' lang='lat' dir='ltr'><strong>Christi,</strong></span> <span class='ocrx_word' id='word_1_219' title='bbox 642 3376 715 3438; x_wconf 87' lang='lat' dir='ltr'><strong>tam</strong></span> <span class='ocrx_word' id='word_1_220' title='bbox 733 3365 851 3460; x_wconf 83' lang='lat' dir='ltr'><strong>lucida</strong></span> <span class='ocrx_word' id='word_1_221' title='bbox 869 3365 959 3440; x_wconf 89' lang='lat' dir='ltr'><strong>lucis</strong></span> <span class='ocrx_word' id='word_1_222' title='bbox 978 3367 1096 3466; x_wconf 86' lang='lat' dir='ltr'><strong>imago</strong></span> 
     </span>
     <span class='ocr_line' id='line_1_33' title="bbox 164 3457 1257 3570; baseline 0.013 -36"><span class='ocrx_word' id='word_1_223' title='bbox 164 3517 168 3524; x_wconf 26' lang='lat' dir='ltr'><strong>r</strong></span> <span class='ocrx_word' id='word_1_224' title='bbox 191 3459 369 3536; x_wconf 80' lang='lat' dir='ltr'><strong>Omnibus</strong></span> <span class='ocrx_word' id='word_1_225' title='bbox 388 3457 439 3534; x_wconf 90' lang='lat' dir='ltr'><strong>est</strong></span> <span class='ocrx_word' id='word_1_226' title='bbox 451 3459 652 3556; x_wconf 84' lang='lat' dir='ltr'><strong>manifeste,</strong></span> <span class='ocrx_word' id='word_1_227' title='bbox 679 3464 806 3556; x_wconf 88' lang='lat' dir='ltr'><strong>quibus</strong></span> <span class='ocrx_word' id='word_1_228' title='bbox 827 3463 907 3538; x_wconf 92' lang='lat' dir='ltr'><strong>sunt</strong></span> <span class='ocrx_word' id='word_1_229' title='bbox 924 3465 1057 3541; x_wconf 86' lang='lat' dir='ltr'><strong>lumine</strong></span> <span class='ocrx_word' id='word_1_230' title='bbox 1075 3476 1207 3570; x_wconf 88' lang='lat' dir='ltr'><strong>menti,</strong></span> <span class='ocrx_word' id='word_1_231' title='bbox 1253 3461 1257 3466; x_wconf 58' lang='grc'>’</span> 
     </span>
     <span class='ocr_line' id='line_1_34' title="bbox 133 3557 1122 3662; baseline 0.012 -30"><span class='ocrx_word' id='word_1_232' title='bbox 133 3649 136 3656; x_wconf 24' lang='grc'>1</span> <span class='ocrx_word' id='word_1_233' title='bbox 166 3579 173 3588; x_wconf 85' lang='lat'>·</span> <span class='ocrx_word' id='word_1_234' title='bbox 188 3559 246 3634; x_wconf 89' lang='lat' dir='ltr'><strong>Ut</strong></span> <span class='ocrx_word' id='word_1_235' title='bbox 258 3557 403 3652; x_wconf 87' lang='lat' dir='ltr'><strong>speculo</strong></span> <span class='ocrx_word' id='word_1_236' title='bbox 419 3560 541 3634; x_wconf 84' lang='lat' dir='ltr'><strong>vultus</strong></span> <span class='ocrx_word' id='word_1_237' title='bbox 557 3557 693 3652; x_wconf 85' lang='lat' dir='ltr'><strong>firmam</strong></span> <span class='ocrx_word' id='word_1_238' title='bbox 705 3559 801 3656; x_wconf 88' lang='lat' dir='ltr'><strong>spem</strong></span> <span class='ocrx_word' id='word_1_239' title='bbox 819 3583 968 3642; x_wconf 88' lang='lat' dir='ltr'><strong>cernere</strong></span> <span class='ocrx_word' id='word_1_240' title='bbox 980 3567 1122 3662; x_wconf 76' lang='lat' dir='ltr'><strong>ponne</strong></span> 
     </span>
     <span class='ocr_line' id='line_1_35' title="bbox 20 3655 1262 3772; baseline 0.013 -44"><span class='ocrx_word' id='word_1_241' title='bbox 20 3722 34 3756; x_wconf 41' lang='lat' dir='ltr'><strong>f</strong></span> <span class='ocrx_word' id='word_1_242' title='bbox 188 3657 297 3754; x_wconf 74' lang='lat' dir='ltr'><strong>judas</strong></span> <span class='ocrx_word' id='word_1_243' title='bbox 315 3656 387 3752; x_wconf 89' lang='lat' dir='ltr'><strong>ipse</strong></span> <span class='ocrx_word' id='word_1_244' title='bbox 405 3655 531 3754; x_wconf 83' lang='lat' dir='ltr'><strong>Peter,</strong></span> <span class='ocrx_word' id='word_1_245' title='bbox 556 3663 684 3758; x_wconf 83' lang='lat' dir='ltr'><strong>regalis</strong></span> <span class='ocrx_word' id='word_1_246' title='bbox 699 3660 802 3772; x_wconf 60' lang='lat' dir='ltr'><strong>serpis</strong></span> <span class='ocrx_word' id='word_1_247' title='bbox 818 3667 942 3760; x_wconf 83' lang='lat' dir='ltr'><strong>origo:</strong></span> <span class='ocrx_word' id='word_1_248' title='bbox 1260 3747 1262 3755; x_wconf 83' lang='lat'>.</span> 
     </span>
     <span class='ocr_line' id='line_1_36' title="bbox 25 3757 1112 3864; baseline 0.008 -35"><span class='ocrx_word' id='word_1_249' title='bbox 25 3759 49 3777; x_wconf 76' lang='grc'><strong>““</strong></span> <span class='ocrx_word' id='word_1_250' title='bbox 189 3757 300 3832; x_wconf 87' lang='lat' dir='ltr'><strong>Unde</strong></span> <span class='ocrx_word' id='word_1_251' title='bbox 316 3759 424 3832; x_wconf 91' lang='lat' dir='ltr'><strong>duces</strong></span> <span class='ocrx_word' id='word_1_252' title='bbox 442 3759 571 3855; x_wconf 88' lang='lat' dir='ltr'><strong>geniti,</strong></span> <span class='ocrx_word' id='word_1_253' title='bbox 601 3761 701 3854; x_wconf 89' lang='lat' dir='ltr'><strong>cujus</strong></span> <span class='ocrx_word' id='word_1_254' title='bbox 724 3762 769 3836; x_wconf 88' lang='lat' dir='ltr'><strong>de</strong></span> <span class='ocrx_word' id='word_1_255' title='bbox 790 3761 921 3838; x_wconf 88' lang='lat' dir='ltr'><strong>semine</strong></span> <span class='ocrx_word' id='word_1_256' title='bbox 939 3785 1042 3864; x_wconf 79' lang='lat' dir='ltr'><strong>reges</strong></span> <span class='ocrx_word' id='word_1_257' title='bbox 1081 3815 1085 3821; x_wconf 87' lang='lat'>-</span> <span class='ocrx_word' id='word_1_258' title='bbox 1107 3790 1112 3800; x_wconf 52' lang='lat'>¹</span> 
     </span>
     <span class='ocr_line' id='line_1_37' title="bbox 77 3853 1105 3966; baseline 0.018 -36"><span class='ocrx_word' id='word_1_259' title='bbox 77 3933 83 3940; x_wconf 72' lang='grc'><strong>,</strong></span> <span class='ocrx_word' id='word_1_260' title='bbox 187 3853 385 3952; x_wconf 78' lang='lat' dir='ltr'><strong>Nunquam</strong></span> <span class='ocrx_word' id='word_1_261' title='bbox 402 3855 615 3957; x_wconf 84' lang='lat' dir='ltr'><strong>defuerunt,</strong></span> <span class='ocrx_word' id='word_1_262' title='bbox 642 3861 761 3942; x_wconf 90' lang='lat' dir='ltr'><strong>donec</strong></span> <span class='ocrx_word' id='word_1_263' title='bbox 778 3878 932 3946; x_wconf 82' lang='lat' dir='ltr'><strong>veuuue</strong></span> <span class='ocrx_word' id='word_1_264' title='bbox 945 3863 1105 3966; x_wconf 69' lang='lat' dir='ltr'><strong>potetur</strong></span> 
     </span>
    </p>
   </div>
   <div class='ocr_carea' id='block_1_3' title="bbox 998 4038 1202 4058">
    <p class='ocr_par' dir='ltr' id='par_1_3' title="bbox 998 4038 1202 4058">
     <span class='ocr_line' id='line_1_38' title="bbox 998 4038 1202 4058; baseline -0.02 4"><span class='ocrx_word' id='word_1_265' title='bbox 998 4038 1006 4056; x_wconf 71' lang='grc' dir='ltr'>Ι</span> <span class='ocrx_word' id='word_1_266' title='bbox 1192 4046 1202 4058; x_wconf 69' lang='grc' dir='ltr'><strong>η.</strong></span> 
     </span>
    </p>
   </div>
   <div class='ocr_carea' id='block_1_4' title="bbox 0 0 1329 4342">
    <p class='ocr_par' dir='ltr' id='par_1_4' title="bbox 0 0 1329 4342">
     <span class='ocr_line' id='line_1_39' title="bbox 0 0 1329 4342; baseline 0 0"><span class='ocrx_word' id='word_1_267' title='bbox 0 0 1329 4342; x_wconf 95' lang='lat' dir='ltr'><strong> </strong></span> 
     </span>
    </p>
   </div>
  </div>
 </body>
</html>
