2586 4334
481 51 498 94 δ

197 305 274 401 :596
346 248 1174 398 Q.St'rr.Fr.on.Ttnruut.1nrt1¹'
1254 264 1258 272 ι

90 543 96 559 ,
200 462 349 558 quidem
365 483 463 537 mors
483 459 552 549 est,
578 479 656 556 que
673 458 1081 560 earnemdrsanguinenr
1094 477 1175 538 non
1187 453 1266 542 tu'o·

198 565 254 638 do
272 566 495 658 corrumpit,
522 581 648 636 verum
664 568 772 638 etiam
787 562 975 638 consumit.
1002 561 1072 634 Sed
1090 563 1265 652 quonium

199 683 316 758 opera
336 665 451 736 carnis
469 661 502 736 dr
521 657 696 758 sanguinis
709 681 786 735 non
803 659 903 754 poue
923 657 1095 752 consequi
1111 679 1265 758 regnum

201 759 276 838 Dei
298 761 475 835 edixerat:
501 779 574 854 quo
599 763 708 856 magis
729 762 803 836 hoc
817 767 1066 858 exaggeraret,
1092 760 1155 854 ipsr
1173 777 1265 852 quo·

114 887 117 900 ·
199 871 276 955 que
297 863 533 954 corruptele,
565 861 602 933 id
622 859 674 932 est
692 862 800 936 morti
816 863 876 937 cui
896 862 1012 935 carnis
1036 857 1268 956 &sanguioia

200 981 321 1058 opere
335 957 553 1052 proliciunt,
581 957 823 1034 hereditatem
845 961 1100 1052 incorruptele
1116 959 1264 1035 ademit.

202 1059 298 1136 Nam
317 1057 351 1132 dr
370 1061 479 1156 paulo
502 1057 584 1152 post
599 1057 705 1154 ipfius
725 1062 853 1132 niortis
873 1057 1143 1151 quodammodo
1166 1073 1266 1134 utut·

199 1171 278 1234 bern
296 1157 478 1256 expreffit,
505 1161 655 1230 devorata
670 1159 711 1258 ιβ
726 1184 826 1245 mort,
852 1159 976 1232 dicens
994 1165 1032 1228 in
1044 1175 1263 1232 contentum.

211 1261 271 1332 Ula·
292 1256 561 1356 dimetratuleur
579 1254 677 1331 tuus?
701 1262 756 1330 ali
772 1257 811 1358 ιβ
828 1283 908 1330 mors
920 1263 1064 1354 porentia
1081 1251 1164 1332 tua?
1181 1263 1270 1332 Am·

201 1361 270 1432 leur
300 1376 404 1430 nutem
436 1365 546 1430 mrrls
572 1360 811 1456 delinquentia:
844 1359 919 1432 hec
946 1361 1016 1432 erit
1041 1359 1264 1450 corruptelt·

202 1452 330 1532 Virtus
347 1468 467 1532 mrtem
491 1457 747 1550 delinquentiae
771 1461 846 1530 lert
871 1459 932 1530 illa
953 1457 1021 1533 alia
1040 1455 1114 1530 srne
1128 1455 1264 1546 dubio,

188 1567 309 1651 'uuam
328 1556 516 1648 constituit
529 1561 569 1650 in
590 1559 757 1633 membru
773 1557 1073 1632 submittentem
1094 1555 1266 1644 adversm

69 1727 73 1736 .
202 1657 320 1754 legem
337 1658 443 1730 animi
462 1653 533 1752 sui,
558 1656 666 1751 ipsam
682 1656 818 1729 scilicet
832 1657 904 1730 vim
920 1653 1154 1746 delinquendi
1172 1672 1266 1730 cun·

200 1767 259 1830 tra
278 1758 519 1834 voluntatem.
570 1757 605 1828 N
611 1777 666 1830 arn
682 1756 746 1830 etsr
762 1755 862 1849 supra
876 1754 1082 1853 moyseum
1097 1757 1266 1828 enimcum

53 1917 60 1939 ,
200 1869 333 1928 mortem
350 1861 498 1927 tenuari
519 1857 585 1942 ait,
611 1856 685 1928 hoc
706 1846 819 1928 modo
842 1872 911 1928 nec
928 1858 1138 1948 corruptela
1157 1851 1268 1932 nere

151 1994 156 2005 ·
195 1955 351 2030 ditarem
370 1957 623 2048 incorruptelae
649 1951 898 2045 consequitur:
925 1951 1052 2044 idest,
1076 1971 1148 2048 neu
1164 1975 1279 2032 mort·

200 2051 468 2148 perseverabit,
503 2053 646 2145 quando
669 2048 908 2146 &quomodo
931 2049 1142 2128 defettmat
1181 2075 1269 2132 eum

111 2186 117 2199 ·
199 2153 240 2225 in
266 2167 415 2244 atomo,
447 2153 483 2226 in
508 2163 767 2226 momentaneo
789 2154 886 2225 oculi
912 2165 1036 2245 motu,
1062 2155 1099 2225 in
1118 2153 1270 2232 novifi-

198 2270 258 2328 tua
281 2251 367 2324 tube
389 2251 421 2324 dr
441 2254 573 2326 mortui
589 2251 774 2347 resurgent
794 2252 1012 2348 incorrupti3
1038 2253 1176 2343 quilii,
1199 2253 1269 2335 nli

198 2349 263 2442 nui
284 2363 368 2424 ante
381 2353 565 2444 corrupti,
591 2349 627 2423 id
645 2347 696 2424 est
710 2367 885 2444 corpora,
910 2349 945 2422 id
965 2349 1017 2424 est
1032 2368 1117 2426 caro
1132 2351 1169 2424 dt
1186 2353 1269 2428 san-

151 2487 157 2504 ·
176 2443 305 2548 ptris?
324 2447 359 2522 dr
375 2459 445 2524 nos
466 2452 698 2526 demutamur.
749 2449 810 2524 De
826 2469 895 2543 qua
909 2449 1118 2524 habitudine
1135 2453 1208 2528 nisr
1224 2456 1268 2530 ln

199 2571 275 2642 oua
297 2545 642 2644 deprehendemur?
682 2553 917 2648 oportunum
939 2559 1161 2645 corruptivum
1183 2555 1288 2651 ιΜτ

202 2651 332 2720 induere
355 2653 642 2746 iruerruplt'uuem,
676 2647 716 2727 G
735 2651 865 2722 mariale
887 2649 967 2750 t'flud
983 2651 1115 2724 'ludam
1130 2655 1287 2727 Μήιον·

202 2749 375 2818 ralirarem.
454 2747 552 2843 Quid
586 2749 765 2845 mortale,
803 2747 866 2823 nisr
901 2747 1021 2822 curo?
1064 2741 1286 2842 «ιιιίειτον.11

199 2847 406 2938 ruptivum,
438 2845 502 2922 nisr
528 2845 693 2944 sanguini
727 2865 769 2921 ae
794 2867 841 2922 ne
873 2863 979 2944 poter
1008 2851 1102 2926 ulirtd
1126 2848 1230 2928 sen·

202 2945 408 3040 apostolum
423 2946 679 3040 providentem
696 2948 785 3039 tibi,
820 2945 911 3019 &ut
934 2949 979 3021 de
997 2967 1104 3022 carne
1126 2950 1166 3024 d'

199 3043 380 3140 intelligar
402 3047 646 3138 laborantem,
672 3062 754 3122 curn
776 3045 865 3120 dicit
879 3044 971 3120 istud
986 3049 1254 3142 corruptivum

199 3139 235 3214 dt
253 3139 344 3214 istud
365 3145 542 3232 mortale,
576 3157 696 3217 eutem
714 3143 822 3238 ipsam
844 3159 973 3219 tenent
996 3145 1095 3224 dicit
1152 3149 1234 3228 Cer

199 3239 292 3314 illud
309 3241 372 3314 nisr
389 3243 434 3315 de
454 3239 637 3334 subjebbo,
663 3241 725 3318 nid
744 3244 790 3317 de
811 3249 1066 3338 comparenti,
1098 3267 1234 3341 pronu

199 3339 305 3414 ciuile
324 3359 401 3413 non
420 3344 552 3433 potuit
603 3336 930 3416 Demonstrationis
952 3345 1183 3438 corporalis,

200 3442 366 3514 uerbum.
417 3435 526 3509 Aliud
542 3453 660 3514 autern
677 3443 746 3512 erit
767 3455 873 3514 corru
901 3444 1038 3535 tivum,
1065 3445 1168 3520 aliud
1190 3471 1246 3528 eo

199 3539 361 3626 ruptelu:
387 3535 717 3632 &aliudmortule,
743 3465 1111 3620 &nliufmortalrtan
1148 3545 1223 3625 Ali

200 3633 297 3706 enim
318 3635 415 3726 quod
430 3637 583 3729 petitur,
611 3637 705 3712 uliud
724 3641 822 3734 quod
842 3641 916 3734 pati
935 3637 1056 3718 efficit.
1085 3641 1168 3720 'ltu
1190 3671 1217 3744 q

198 3731 386 3826 potiuntur
403 3730 692 3836 corruptelam&
711 3740 987 3825 mortalitatem,
1014 3759 1100 3814 caro
1119 3741 1208 3823 scili

199 3829 235 3902 dt
253 3824 406 3926 sunguin³
435 3851 477 3902 ea
494 3831 637 3909 necerre
656 3833 708 3910 est
726 3837 906 3932 patiantur
922 3838 958 3914 dt
973 3841 1216 3936 incormptel
1238 3862 1243 3870 ·
1260 3850 1264 3859 '

1059 4057 1119 4132 52.
1147 4039 1230 4123 Vl·
