2596 4336
178 271 181 284 .
270 221 271 226 ‘
344 198 864 298 urenturscnarsrr.
930 255 935 264 ·
1060 229 1149 312 495·
1205 201 1210 209 '

60 377 136 474 stt,
159 371 345 470 resumpto
361 373 489 469 spiritu
502 371 547 450 ¹in
570 375 710 450 celum.
761 371 891 466 Aeque
910 367 1150 470 ungam,-
1239 386 1249 412 s
1272 391 1280 406 ·

66 479 108 556 dt
126 477 254 554 eaden:
268 473 413 550 ratione
426 473 667 566 mtutepturn
682 470 754 567 est,
778 493 849 566 qua
861 471 899 548 b
911 472 1047 550 editum
1060 471 1140 549 sue·

63 591 140 656 ret.
192 576 231 650 Si
250 570 392 653 vidisset
408 593 492 648 cum
513 573 558 647 de
574 573 689 646 nihilo
705 573 982 670 proferebatur,
1007 571 1140 670 sciffes,

66 699 160 754 cun:
179 677 217 752 in
240 673 392 750 nisriium
412 669 685 750 subducebatur.
741 673 778 748 Si
803 693 881 748 non
905 666 977 746 suit
995 671 1141 755 initium

64 777 237 870 visbile,
261 795 332 849 nec
354 769 447 850 finis.
504 769 646 848 Tamen
671 774 840 868 corporis
865 771 1022 849 soliditas
1044 789 1139 869 erat,

66 895 150 972 quo
171 883 361 952 momento
384 891 517 968 corpus
535 871 740 950 videbatur.
802 867 894 948 Non
916 869 1038 966 potest
1059 893 1141 951 non

64 973 176 1056 fuisse
189 971 288 1070 quod
304 971 475 1067 scriptun:
492 970 553 1048 est.

30 1091 38 1098 ·
146 1098 183 1169 4.
208 1073 359 1173 Igiturii
375 1093 494 1166 neque
508 1087 550 1146 ut
563 1069 829 1167 impossibilem,
853 1091 974 1166 neque
989 1085 1033 1146 ut
1045 1071 1142 1168 peri.

67 1174 231 1252 ctulosanr
257 1172 354 1270 Deo,
370 1173 535 1268 repudias
560 1175 877 1266 corporationem:
914 1170 1070 1266 superest
1095 1179 1143 1252 ut

66 1275 169 1372 quas
193 1271 372 1371 indignam
394 1271 533 1366 rejicias
554 1271 589 1346 dt
613 1267 768 1348 accuses.
815 1267 973 1365 Abipsa
994 1273 1142 1366 quidem

66 1374 222 1454 exorsus
238 1371 450 1466 nativitate,
474 1389 629 1468 perora,
655 1391 721 1472 :ge
739 1369 812 1465 jan:
834 1369 1017 1465 spurcitias
1040 1371 1141 1470 geni·
1275 1457 1281 1470 ,

67 1477 198 1554 ulium
220 1475 257 1550 in
275 1487 383 1546 utero
402 1473 685 1564 elementorum,
709 1471 871 1546 humoris
891 1470 927 1544 dc
943 1468 1139 1572 sanguinis,

67 1575 169 1654 freda
189 1575 365 1672 coagula,
397 1571 513 1646 carnis
534 1591 581 1645 ex
602 1569 732 1646 eodem
752 1589 859 1645 coeno
884 1571 1046 1668 denda,
1071 1593 1140 1672 per

66 1695 211 1752 nove·
226 1669 375 1748 menses.
424 1669 598 1744 Describe
612 1679 756 1746 uteman
775 1667 821 1746 de
838 1669 897 1746 die
915 1671 954 1750 in
974 1671 1069 1750 dien:
1083 1675 1140 1750 in·

67 1767 329 1864 solescentern,
355 1787 528 1868 gravem,
553 1751 718 1865 arrxiuh,
749 1789 910 1865 serum,
940 1783 1064 1850 totum
1083 1772 1140 1848 in.

69 1891 214 1950 certum
237 1871 440 1946 libidinibus
462 1867 589 1946 fastidii
607 1870 642 1944 dt
659 1873 761 1968 guse.
817 1867 998 1946 Invehere
1010 1873 1084 1966 ja'rn
1100 1873 1139 1950 dt

66 1976 112 2050 in
125 1975 237 2070 ipsum
248 1971 408 2048 moliens
419 1971 598 2058 enitentis
612 1969 813 2064 pudorem,
836 1971 902 2044 vel
917 1991 989 2066 pro
1007 1987 1139 2070 nutura¹

67 2071 287 2172 religiosum.
338 2069 477 2146 Horres
494 2071 620 2163 utique
636 2069 673 2144 dc
688 2067 864 2146 infantem
880 2089 963 2146 cum
984 2069 1052 2146 suis
1072 2073 1139 2150 im·

67 2175 312 2272 pedimentis,
336 2167 522 2264 prosvsun:
543 2169 668 2262 utique
686 2169 722 2244 d:
738 2171 903 2246 obsitum.
953 2169 1139 2270 Dedigna-

11 2337 12 2348 .
69 2274 170 2350 ben'a
183 2272 282 2368 quod
295 2272 421 2368 pennis
439 2269 624 2367 dirigitur,
651 2269 749 2362 quod
763 2269 990 2346 unstionibus
1003 2271 1139 2350 forma·

66 2389 154 2468 tur,
180 2371 279 2466 quod
294 2369 473 2446 blanditiis
489 2369 682 2444 deridetur.
733 2369 838 2444 Hanc
859 2371 1138 2449 venationemo

67 2474 243 2550 Marcion
276 2485 413 2546 natiue
442 2467 592 2564 despuis.
653 2463 706 2542 Et
736 2471 924 2562 quomodo
949 2485 1055 2546 natus
1080 2491 1137 2570 es,

11 2557 12 2652 J
70 2567 403 2648 odistinascentem
425 2568 628 2645 hominem:
661 2567 907 2662 &quomodo
935 2571 1049 2669 diligis
1074 2573 1137 2649 ali·

11 2739 12 2752 .
69 2671 205 2768 quern?
234 2669 431 2764 tequidem
449 2669 649 2764 planenon
666 2667 802 2745 unisti:
829 2673 971 2746 cunsb
988 2671 1138 2750 ecclesia

51 2773 108 2850 dt
123 2769 195 2846 fide
207 2769 335 2846 Christi
349 2767 524 2846 recessisti.
573 2767 644 2842 Sed
665 2769 798 2844 videris
822 2769 846 2843 s:
869 2771 934 2844 tibi
957 2767 1136 2868 displices,

11 2921 12 2970 ,
68 2862 436 2950 mendicetmeus.
467 2865 1137 2950 EtcerteChristusdileaithonrinenr

11 3023 12 3042 .
67 2973 171 3048 iibun
185 2967 488 3064 inimnrunditiis,
513 2967 551 3042 in
565 2973 936 3066 utero-coagulatum,
955 2972 1055 3044 illum
1070 2991 1136 3066 per

11 3223 13 3274 s

11 3337 13 3366 t

11 3651 12 3682 i

11 3741 13 3772 i

11 3925 14 4002 ἱ

11 3045 13 3166 ζ
68 3071 238 3249 pudenda
278 3071 460 3164 prolatum
474 3116 509 3162 ,2
527 3069 627 3144 illum
666 3087 732 3166 per
764 3068 916 3142 ludibria
947 3071 1136 3148 nutritum.

102 3185 228 3268 ropter
258 3191 341 3246 eum
367 3167 389 3241 d
412 3166 573 3242 stendit:
606 3181 759 3262 propter
790 3191 873 3246 eum
903 3167 1135 3264 predicavit:

68 3285 223 3369 propter
244 3291 326 3346 etim
350 3289 374 3341 ο
438 3263 504 3342 'se
517 3268 718 3342 humilitate
735 3267 867 3362 dejecit
887 3295 985 3366 usque
1000 3272 1041 3342 ad
1054 3293 1138 3340 mor.

70 3389 157 3460 rem,
186 3369 227 3448 si
250 3385 380 3442 mortem
400 3374 530 3439 crucis:
559 3369 694 3448 :nunt
718 3371 843 3462 utique
873 3389 979 3462 quern
1000 3389 1157 3466 magno.
1265 3397 1273 3406 ·

67 3471 234 3548 redemit.
281 3469 319 3544 Si
334 3466 492 3543 Christus
512 3483 657 3543 nestor
681 3467 756 3562 ejus
781 3465 852 3564 est,
885 3468 984 3543 suurn
1001 3473 1137 3546 merito

11 3625 12 3650 .
71 3567 225 3648 amavit:
249 3571 335 3646 srab
350 3565 520 3644 alioDeo
537 3567 608 3662 est,
633 3569 743 3666 magis
761 3567 961 3663 adamavit,
988 3569 1137 3664 quando

72 3672 225 3748 alienum
244 3669 408 3746 redemit.
465 3665 617 3742 Amavit
635 3689 724 3766 ergo
747 3687 830 3743 cvm
851 3669 1000 3744 homine
1026 3671 1136 3746 etiarn
1163 3695 1165 3701 '

69 3769 318 3868 nauvitatein,
344 3769 451 3844 etiam
467 3784 609 3854 carnem
628 3767 717 3862 ejus.
767 3767 870 3844 Nihil
885 3769 993 3846 amari
1013 3765 1137 3866 potest

68 3863 748 3970 inemendationem-est.
794 3865 1152 4064 dussimus-
