2634 4336
1139 27 1173 111 ι1

256 171 323 243 'i'

330 178 812 330 ‘'ntldnrua.
935 192 940 203 ¹
1018 200 1171 316 ³41?
1269 337 1273 348 Ι

40 333 75 378 f
110 370 115 381 Ι
153 345 183 360 ,.
413 347 418 359 ,
894 351 896 356 .

4 399 8 460 ι
93 383 205 462 tanin
219 401 400 480 corpore,
427 385 592 458 enuntiat
605 405 683 478 qua
697 381 821 478 videt,
848 401 927 476 que
945 381 1064 478 audit,
1083 405 1163 478 quae

4 501 7 586 ξ
92 485 223 578 incipit
237 481 349 562 nosse.
401 483 437 558 Si
457 486 550 560 enim
567 505 699 578 corpus
715 483 805 568 istud
821 481 1007 557 Platonica
1023 481 1164 561 senten·

4 589 5 594 ‘
92 589 144 662 tia
164 603 310 680 carcer,
343 600 504 660 ceterum
525 583 738 680 Apostolica
756 585 827 657 Dei
850 585 1043 677 templum,
1080 605 1162 660 cum
1208 617 1212 628 ·

12 699 15 710 ·
93 687 132 760 in
152 681 294 759 Christo
316 683 383 762 est:
409 683 468 793 [ed
487 685 630 760 interim
650 686 799 758 animam
821 681 996 780 consepto
1015 683 1079 758 suo
1098 687 1164 760 ob·
1244 694 1251 713 ·

2 795 5 841 ²
94 780 226 879 murt,
263 783 512 880 &obscurat,
540 785 839 859 &concretione
866 786 979 856 carnis
1007 785 1163 872 infaecat.¹

3 941 4 966 r
93 883 207 960 Unde
228 885 300 977 illi,
335 888 439 962 velut
460 907 525 980 per
547 906 719 961 corneum
743 881 925 980 specular,
961 883 1165 962 obsoletior
1207 922 1211 930 ·

3 1005 4 1010 ‘
93 985 160 1070 lux
177 1003 295 1058 rerum
313 984 374 1060 est.
424 985 555 1060 Procul
573 987 685 1060 dubio
705 1005 785 1059 cum
802 987 840 1057 vi
853 985 981 1058 mortis
1000 987 1164 1080 exprimi·

1 1129 5 1146 ·
94 1098 159 1158 tur
181 1083 225 1158 de
248 1085 487 1162 concretione
510 1087 648 1178 carnia,
674 1083 707 1158 dt
729 1081 802 1178 ipsa
823 1083 1044 1178 expreffione
1069 1088 1168 1159 colai

1 1231 3 1244 ‹
93 1199 178 1278 tur,
202 1197 303 1260 certe
322 1186 372 1260 ¹de
395 1183 556 1286 oppanso
577 1183 745 1278 corporis
767 1183 923 1278 erumpit
943 1185 981 1258 in
1001 1199 1165 1279 apertum

94 1283 144 1360 td
158 1305 290 1359 meram
307 1285 478 1380 &puram
496 1285 529 1358 &
545 1283 638 1358 suam
653 1284 790 1378 lucem,
817 1283 930 1358 statim
947 1281 1168 1378 semetipsam
1193 1307 1196 1316 ·

93 1385 136 1460 in
159 1384 393 1478 expeditione
415 1385 614 1460 substantiae
638 1382 891 1482 recognoscit,
926 1383 1016 1486 bain
1037 1385 1166 1459 divini·

2 1555 3 1566 Ν
94 1484 212 1559 tatem
230 1483 302 1578 ipsa
317 1487 486 1562 libertate
501 1485 691 1581 resipiscit,
718 1499 761 1557 ut
776 1483 824 1559 de
836 1483 963 1558 somno
980 1481 1167 1582 emergens'

95 1585 143 1658 ab
162 1585 372 1682 imaginibus
394 1588 441 1662 ad
462 1589 654 1660 veritates:
679 1599 768 1660 tunc
787 1583 821 1658 δι
837 1583 1002 1658 enuntiat
1019 1606 1096 1676 quae
1111 1587 1166 1658 vi·
1200 1609 1212 1634 a

1 1714 22 1784 ςΙ
95 1683 181 1776 det,
207 1697 295 1758 tunc
316 1683 469 1762 exsultat
483 1702 545 1762 aut
558 1685 735 1780 trepidat,
761 1695 874 1779 prout
887 1697 1088 1778 paraturam
1106 1685 1166 1760 de·

93 1779 251 1858 versorii
265 1783 315 1858 sui
332 1785 461 1882 sentit,
486 1787 531 1862 de
548 1787 652 1882 ipsius
667 1784 782 1860 statim
800 1785 916 1880 angeli
933 1781 1049 1880 facie,
1075 1805 1166 1860 evo-

97 1883 233 1958 catoris
253 1887 468 1980 animarum,
494 1879 669 1960 Mercurii
684 1897 887 1980 poetarum.

173 2005 233 2074 54.
299 2005 349 2060 uo
368 1987 478 2083 igitur
503 1985 701 2062 deducetur
722 1985 865 2080 anima,
895 1983 968 2076 jam
984 1983 1070 2058 hinc
1086 1983 1169 2060 red·

97 2081 228 2162 dimus.
318 2105 418 2162 mnes
440 2085 553 2162 ferme
574 2069 806 2182 Phrtdhpnr,
840 2085 901 2178 qui
921 2083 1168 2159 immortalita-

96 2195 179 2272 tem
200 2183 347 2282 ariimae,
373 2187 525 2280 qualiter
545 2189 698 2281 volunt,
720 2199 868 2276 ,tantum
886 2183 1099 2280 vindicant,
1124 2198 1169 2260 ut
1247 2243 1251 2251 Α

97 2279 348 2382 Pythagoras,
379 2301 423 2359 ut
440 2285 703 2382 Empedocles,
736 2299 780 2360 ut
797 2285 927 2378 Plato,
953 2285 1085 2378 quique
1108 2288 1169 2359 ali-

28 2389 35 2394 '
98 2384 201 2476 quod
222 2385 271 2458 illi
285 2399 428 2480 ternpus
446 2385 656 2482 indulgent,
683 2385 727 2460 ab
743 2381 886 2458 excessit
899 2403 1013 2477 usque
1028 2385 1067 2458 in
1081 2405 1170 2459 con·

22 2574 26 2585 Ι
98 2483 638 2580 flagrationemuniverfitatis,
670 2500 713 2559 ut
729 2483 867 2576 Stoici,
893 2481 969 2556 suas
991 2481 1104 2578 solas,
1131 2484 1169 2564 id

1 2588 24 2643 s
99 2581 155 2658 est
173 2581 368 2680 sapientum
384 2587 537 2682 animas,
563 2589 602 2661 in
616 2583 776 2680 supernis
795 2583 1035 2660 mationibus
1054 2585 1170 2660 collo·

99 2697 200 2760 cant.
249 2683 354 2760 Plato
375 2688 517 2780 quidem
535 2707 611 2762 non
628 2699 764 2761 temere
781 2683 1083 2778 Philosophorum
1097 2687 1172 2759 ani·

98 2785 229 2860 mahus
247 2784 321 2858 hoc
337 2785 506 2884 prestat,
531 2787 591 2861 sed
610 2807 736 2860 eorum
754 2785 814 2879 qui
827 2781 1093 2880 Philosophiam
1107 2785 1171 2861 soi·

4 2950 7 2959 .
99 2881 190 2956 licet
207 2885 469 2962 exornaverint
481 2907 602 2964 amore
617 2906 825 2980 puerorum.
870 2881 977 2958 Adeo
996 2885 1102 2958 etiam
1121 2891 1174 2960 in·

101 2979 160 3058 'ter
180 2979 422 3078 Philosophos
447 3009 615 3086 magnum
643 2987 753 3060 habet
777 2983 1008 3088 privilegium
1029 2983 1172 3078 impuri·

101 3092 179 3158 tas:
207 3085 327 3176 itaque
345 3085 438 3179 apud
451 3089 550 3162 iilum
563 3085 602 3160 in
617 3085 786 3162 aetherem
801 3082 1032 3158 sublimantur
1046 3085 1170 3160 animae

0 3239 10 3260 2
102 3177 297 3278 sapientes:
325 3186 419 3280 apud
437 3185 585 3280 Arium,
599 3188 635 3260 in
648 3205 786 3260 aerem:
812 3184 906 3280 apud
921 3181 1090 3276 Stoicos,
1107 3183 1170 3259 sub
1285 3222 1289 3230 .

1 3311 3 3322 >
101 3279 234 3358 lunam.
288 3285 395 3380 Quos
412 3287 554 3378 quidem
568 3287 706 3380 miror,
728 3283 826 3378 quod
839 3283 1083 3378 imprudentes
1101 3285 1173 3360 ani·
1273 3367 1280 3380 ,

103 3402 179 3460 mas
202 3383 298 3458 circa
313 3399 446 3458 terram
463 3385 709 3482 prosternant,
737 3403 816 3458 cum
830 3385 906 3458 illas
923 3381 1171 3476 asapientibus

1 3517 7 3556 η
103 3485 224 3584 multo
236 3481 479 3579 superioribus
495 3485 626 3560 erudiri
641 3481 841 3560 adfirment.
867 3481 942 3556 Ubi
960 3483 1029 3564 erit
1043 3481 1172 3564 schoiae

3 3665 4 3668 g
103 3583 210 3678 regio
230 3581 266 3656 ln
286 3598 386 3658 tanta
408 3585 571 3660 distantia
594 3581 912 3662 deversoriorum?
939 3599 1008 3674 qua
1029 3583 1173 3661 ratione

105 3679 286 3778 discipule
313 3685 355 3756 ad
382 3681 561 3784 magistras
584 3683 891 3776 conventabunt,
928 3697 1033 3758 tanto
1056 3685 1174 3760 discri-

5 3812 9 3826 ·
106 3785 205 3860 mine
221 3781 378 3860 invicem
393 3782 583 3862 absentes?
603 3785 680 3880 quis
695 3799 812 3860 autem
828 3783 895 3854 illis
911 3781 1081 3876 postumat
1095 3807 1174 3858 eru·

0 3952 9 3969 Ν,
107 3881 260 3962 didonis
277 3881 359 3962 usur
379 3903 421 3963 ac
441 3883 598 3986 buhun,
618 3883 761 3984 jamjam
778 3881 1175 4062 conflagrationetpgrl·
