2572 4336
127 297 138 310 ·
169 264 228 374 'sa'
317 275 366 382 Q.
397 267 531 352 Sa‘irss
559 267 696 350 Fron.
732 269 1073 350 remanum

168 439 395 529 sidonemque
420 438 526 532 ejus,
568 435 685 521 addita
709 433 760 508 est
789 435 969 530 ampliatio
987 426 1225 528 sacramentor

35 528 39 542 ’
168 532 367 634 bbngnatio
394 531 612 630 baptismi,
665 533 914 610 vestimentum
963 535 1225 625 quodammodo

166 635 274 730 fidei,
300 657 376 730 quae
399 649 499 707 retro
527 647 602 708 erat
624 636 748 728 nuda,
783 657 852 706 nec
882 635 1081 726 potentiam
1106 633 1226 708 habuit

96 762 101 772 ’
166 726 240 814 fine
273 731 333 808 sua
363 739 456 830 lege.
520 732 599 822 Lex
632 737 726 807 enim
753 733 937 832 tinguendi
964 733 1125 828 imposta
1155 731 1224 828 esti
1263 811 1265 832 A

168 833 336 910 &forma
354 831 564 930 prescripta
617 835 663 905 Ire
685 829 841 930 (inquit)
859 837 957 904 docere
973 839 1117 904 nationes
1124 881 1135 922 ,
1160 837 1227 904 rias
1264 837 1265 848 ‘

163 925 296 1031 {rentes
317 960 367 1006 rus
390 939 429 1005 ira
447 957 559 1004 nomeu
585 924 694 1006 Patris
717 929 756 1010 (Ἰ
784 935 863 1003 Filii
886 933 924 1010 (a
948 931 1092 1032 Spiritus
1111 931 1224 1020 [aussi.

76 1099 78 1104 ,
166 1035 265 1134 Huic
293 1033 363 1131 legi
395 1033 527 1108 collata
557 1027 720 1106 definitio
754 1030 837 1108 illa:
884 1033 957 1130 Nrfl
994 1039 1065 1132 quir
1098 1053 1226 1106 renarur

161 1136 270 1230 fuerit
288 1160 327 1204 ex
350 1159 434 1231 aqua
457 1133 496 1210 ss
511 1135 650 1228 spiriru,
683 1159 749 1204 nan
774 1133 911 1204 intrabit
936 1140 973 1204 in
1000 1156 1130 1226 regnum
1147 1137 1228 1205 creso·

168 1255 263 1322 rum,
291 1231 481 1306 obstrinxit
498 1229 603 1324 fidem
624 1233 668 1306 ad
684 1228 844 1327 baptismi
862 1226 1109 1308 necessitatem
1161 1233 1228 1306 Ita·

219 1357 238 1406 e
266 1353 391 1407 ornnes
425 1332 552 1406 exinde
580 1333 767 1406 credentes
793 1335 1055 1428 tinguebantur.
1122 1325 1229 1409 Tunc

220 1432 346 1504 ramus
362 1431 423 1503 ubi
439 1431 610 1534 credidit,
636 1432 765 1522 tinstus
786 1427 845 1505 est.
898 1428 947 1503 Et
968 1431 1041 1505 hoa
1062 1429 1230 1524 estquod

166 1530 347 1608 Dominus
373 1527 411 1604 in
438 1531 497 1604 illa
522 1533 624 1628 plaga
650 1533 849 1604 orbationis
876 1545 1119 1624 praeeperat,
1163 1535 1228 1606 Ea-

163 1631 275 1726 [urgr,
303 1629 450 1724 dicens„
472 1636 511 1706 U
526 1636 627 1703 introi
646 1631 857 1722 Damascum,
880 1633 942 1700 iilic
955 1627 1020 1700 'tibi
1041 1629 1229 1730 demonstra·

164 1731 254 1802 bitur
271 1733 346 1828 quid
369 1731 473 1802 debeas
494 1755 601 1824 agere,
628 1727 763 1805 scilicet
782 1727 918 1826 tingui,
945 1729 1043 1822 quod
1065 1725 1177 1804 solum
1198 1733 1230 1806 ei

168 1831 302 1904 deerat.
353 1827 527 1922 Alioquin
541 1831 620 1904 satis
634 1830 806 1904 didicerat
822 1845 927 1921 atque
946 1830 1144 1904 crediderat
1155 1831 1230 1906 Na·
1263 1877 1265 1940 4

168 1948 336 2008 aerenum
355 1928 424 2002 esse
441 1929 635 2002 Dominum
651 1929 721 2001 Dei
737 1927 860 2004 filium.

129 2047 131 2050 ·
171 2037 180 2048 “
249 2049 301 2120 14.
323 2027 393 2102 Sed
407 2029 451 2102 de
461 2027 536 2120 ipso
550 2025 729 2120 Apostolo
740 2028 957 2124 revolvunt,
971 2025 1069 2122 quod
1085 2026 1230 2126 dixerit
1262 1973 1265 2084 i

53 2163 60 2196 ι
167 2130 250 2204 Nan
268 2130 360 2223 'enim
383 2153 429 2198 mc
453 2130 492 2198 ad
515 2129 718 2220 tinguendum
740 2129 884 2224 Chrtflus
907 2130 1012 2222 mr'fit,
1045 2129 1136 2219 quast
1157 2129 1232 2204 hoc
1259 2093 1265 2226 1

21 2249 34 2252 ··
167 2225 381 2321 'argumento
397 2223 587 2320 baptismus
606 2225 788 2302 adimatur.
839 2225 914 2298 *Cur
930 2230 1022 2300 enim
1039 2229 1148 2301 tinxit
1163 2229 1232 2302 Ga
1264 2285 1265 2314 2

162 2326 241 2422 jum
261 2321 470 2418 &Crispum
489 2323 724 2417 &Stephana
741 2325 914 2402 domurn?
949 2348 1149 2419 quanquam
1170 2325 1232 2402 etfi

47 2507 50 2514 Δ
164 2445 243 2498 non
260 2446 339 2498 eum
352 2423 491 2498 miserat
507 2421 663 2498 Christus
679 2425 721 2498 ad
739 2425 996 2522 tinguendum,
1017 2441 1137 2499 tainen
1153 2429 1230 2502 aliis

164 2523 354 2617 Apostolis
370 2537 586 2616 praeeperat
602 2526 775 2622 tinguere.
811 2527 947 2600 Verum
961 2525 1037 2600 baec
1053 2545 1121 2620 pro
1145 2548 1232 2600 con·
1259 2571 1265 2664 p

166 2619 306 2695 ditione
321 2639 408 2693 tune
421 2625 592 2715 temporis
607 2623 649 2696 ad
664 2623 873 2698 Corinthios
887 2625 1015 2718 scripta
1029 2627 1123 2715 sunt,
1144 2647 1235 2720 quo·

164 2721 259 2796 niam
279 2719 458 2793 schismata
475 2719 743 2797 &dissensrones
760 2726 853 2796 inter
869 2725 1234 2820 summovebantur,

165 2821 248 2894 dum
279 2821 365 2892 alius
391 2819 502 2892 Paulo
528 2821 707 2918 deputat,
743 2827 829 2896 alius
854 2822 1004 2918 Apollo
1072 2823 1235 2922 Propter

112 2917 117 2926 '
165 2921 264 3016 quod
284 2915 451 3012 pacificus
477 2917 675 3014 Apostolus
695 2975 708 3016 ‚
740 2945 787 2997 ne
809 2923 871 2996 nbi
894 2925 1013 2997 omnia
1033 2921 1236 2998 defendere

165 3019 372 3112 videretur,
398 3039 475 3094 non
492 3020 533 3092 ad
551 3021 782 3117 tinguendum
805 3024 853 3096 ait
873 3021 908 3096 se
927 3021 1082 3116 missum,
1112 3021 1177 3096 sed
1196 3024 1237 3098 ad

164 3111 436 3213 praedicandum.
487 3118 583 3194 Nam
607 3121 757 3214 &prius
785 3121 835 3194 est
858 3123 1077 3216 praedicare,
1112 3123 1239 3216 poste·

163 3217 236 3289 rius
260 3219 431 3310 tinguere.
492 3215 528 3290 Si
549 3221 645 3312 prius
664 3218 910 3316 predicatum:
937 3221 1029 3320 put'o
1051 3235 1178 3298 autem
1196 3227 1238 3296 li·
1264 3241 1265 3268 ³

164 3317 240 3388 cuit
260 3315 493 3412 ariagnem,
520 3319 577 3390 cui
594 3319 695 3392 licuit
716 3321 917 3412 praedicare.
1264 3335 1265 3360 ³

243 3435 296 3502 ¹5·
335 3414 469 3490 Nescio
504 3419 527 3489 si
559 3419 643 3509 quid
677 3419 824 3512 amplius
862 3421 904 3495 ad
944 3419 1242 3498 controversiam

163 3511 325 3608 baptismi
341 3519 545 3590 ventilatur.
573 3515 665 3592 Sane
681 3535 860 3613 retexam,
883 3521 981 3614 quod
998 3519 1101 3615 supra
1115 3521 1243 3618 omisa,

162 3631 210 3686 ne
245 3613 468 3692 imminentes
504 3613 617 3688 sensus
658 3619 781 3692 videar
823 3621 1047 3697 intercidere.
1077 3621 1079 3626 ’
1123 3617 1244 3694 Unus

162 3713 313 3783 omnino
339 3713 528 3806 baptismus
555 3713 606 3788 est
625 3719 753 3811 nobis,
781 3737 853 3794 tarn
875 3741 919 3794 ex
940 3717 1090 3793 Domini
1106 3717 1245 3794 Evan-

160 3811 279 3906 gelio,
307 3831 409 3901 quam
429 3835 473 3884 ex
494 3811 664 3906 Apostoli
682 3819 830 3908 litteris3
857 3821 1024 3912 quoniam
1042 3835 1137 3892 unua
1155 3817 1245 3892 Do-

158 3911 276 4008 minus
300 3909 334 3984 δι
359 3933 468 4014 unum
495 3913 761 4014 baptismum&
783 3939 853 3992 una
876 3915 1035 3994 Ecclesia
1057 3916 1247 4092 inseoedba.

752 4053 759 4062 ·
1135 4041 1160 4092 e
