2572 4336
159 234 210 326 st
290 205 1068 332 'Q.smr1.oa.‘rmnmas1

157 380 310 490 propter
330 385 496 463 Eccleliae
518 385 708 462 honorem.
768 387 855 484 Quo
878 381 1000 476 saluo,
1033 377 1133 454 salva
1150 349 1234 476 μέ

16 551 20 562 t
159 489 222 568 est.
281 487 454 579 Alioquin
479 489 584 562 etiarn
611 487 707 560 laicis
725 487 780 580 jus
807 485 867 558 est.
923 481 1035 586 Quod
1056 481 1155 554 enlm
1179 476 1234 558 a!

160 603 265 684 aequo
286 589 478 681 accipitur,
507 608 553 662 ex
573 607 675 678 aequo
701 585 771 657 dari
794 583 939 678 potest,
971 581 1033 654 nisr
1050 570 1235 683 Episcoss

157 691 231 786 jam
251 701 313 764 aut
331 688 562 780 Presbyteri,
596 701 657 760 aut
671 683 826 758 Diaconi
849 695 1055 774 vocantur,
1089 677 1233 757 duceni

45 849 48 854 .
160 800 244 883 tes,
284 787 431 876 Domini
465 785 578 860 sermo
611 807 687 858 non
720 785 827 858 debet
858 781 1025 856 abscondi
1058 781 1101 854 ab
1133 770 1233 858 ull&
1271 829 1272 840 κ

161 885 318 964 Proinde
329 875 557 980 &baptismus
569 885 746 980 aqueDei
764 879 885 956 cenlirs
899 883 942 955 ab
953 874 1238 1071 omnibusexg

53 1001 57 1010 ’
164 989 236 1062 ceri
258 985 396 1079 potest:
423 981 481 1080 sed
506 997 640 1078 quanuo
664 985 771 1080 magis
794 985 891 1056 laicis
920 979 1100 1076 disciplina
1124 980 1206 1052 ve'
1247 1014 1251 1025 ·

164 1085 302 1160 cundlae
330 1087 364 1160 dt
390 1083 569 1159 modestiae
593 1083 794 1176 incumbit,
834 1105 941 1175 quum
964 1100 1005 1154 ea
1031 1074 1237 1256 majorim

165 1199 363 1278 competat,
381 1207 427 1260 ne
441 1185 502 1258 fibi
519 1181 700 1258 adsumant
717 1183 872 1256 dicatum
885 1179 1053 1277 Episcopi
1069 1176 1169 1252 offici
1223 1255 1225 1257 ,

163 1283 414 1380 Episcopatus.
442 1281 649 1358 Aemulatio
661 1279 881 1356 schismatum
894 1296 1006 1355 mater
1024 1275 1083 1354 est.
1112 1262 1239 1391 οηιῆ

79 1465 81 1468 ,
165 1385 259 1460 licere
277 1385 365 1456 dixit
378 1383 595 1458 sanililsrmus
614 1381 834 1478 Apostolus,
855 1383 908 1471 sad
930 1407 996 1450 non
1018 1381 1122 1450 amnia
1145 1362 1238 1478 αρ

166 1485 242 1558 dire.
296 1481 457 1558 Sufficiat
477 1479 612 1558 scilicet
631 1480 667 1556 in
690 1481 950 1558 necessitatibus
971 1493 1013 1552 nt
1028 1479 1167 1581 utaris,
1195 1454 1236 1560 D

96 1668 100 1682 Ι
169 1583 253 1658 cubi
278 1595 339 1654 aut
360 1583 459 1671 loci,
494 1595 556 1654 aut
572 1581 767 1678 temporis,
796 1595 857 1654 aut
881 1577 1040 1674 personae
1065 1561 1238 1657 condi&

169 1683 366 1776 compellit.
417 1676 525 1754 Tunc
546 1685 639 1756 enirn
660 1679 857 1780 constantia
879 1679 1114 1754 succurrentis
1138 1699 1190 1752 ex

168 1781 288 1883 pitur,
316 1803 424 1872 quum
440 1779 1073 1876 urgetcircumstantiapericlitantis.
1127 1781 1167 1880 Q
1229 1775 1237 1786 '

168 1884 265 1958 niam
285 1901 365 1953 reus
391 1882 460 1952 erit
479 1879 608 1972 perditi
628 1879 810 1970 bominis,
846 1881 868 1954 sr
893 1875 1125 1974 supersederit
1145 1897 1173 1972 p
1224 1970 1230 1981 ι

169 1977 282 2072 stare,
305 1979 403 2070 quod
416 1979 527 2050 libere
543 1977 675 2070 potuit.
725 1977 925 2055 Petulantia
941 1991 1057 2052 autem
1074 1977 1164 2050 muli
1183 2062 1188 2070 ¹

48 2131 71 2159 ,.
172 2092 250 2172 quae
273 2075 458 2170 usurpauit
480 2077 649 2169 docere,
668 2077 792 2170 utique
816 2099 891 2152 non
915 2079 1020 2150 etiam
1047 2077 1176 2172 tingue
1202 2080 1207 2089 '

44 2267 48 2273 p
169 2199 227 2351 pps
243 2177 305 2250 srbi
325 2175 461 2270 pariet,
489 2177 550 2250 nist
572 2175 596 2250 fi
618 2197 693 2266 qaae
710 2199 810 2250 nova
832 2175 943 2250 bestia
962 2178 1127 2250 evenerit
1147 2168 1238 2254 sim

189 2275 217 2350 's
235 2274 404 2370 pristine:
431 2289 471 2348 ut
492 2277 788 2368 quemadmodum
805 2277 863 2354 illa
876 2273 1085 2370 baptismum
1101 2275 1186 2350 ause

172 2375 258 2470 bat,
285 2377 474 2473 itaaliqua
496 2397 560 2470 per
584 2374 618 2448 se
643 2399 723 2450 eum
747 2377 922 2451 conserat.
975 2375 1134 2471 Quodsi
1161 2395 1189 2470 q,

173 2469 288 2552 Paulo
315 2493 500 2570 perperam
524 2475 695 2568 adscripta
715 2473 817 2570 sunt,
846 2473 1092 2570 adlicentiam
1115 2497 1180 2550 mu

79 2650 85 2663 ,
175 2595 255 2650 rum
279 2573 433 2648 docendi
452 2575 707 2672 tinguendique
728 2575 946 2662 defendunt3
975 2571 1085 2646 sciant
1100 2575 1139 2648 in

175 2667 452 2768 Presbyterum,
467 2677 526 2767 qui
543 2697 619 2748 eam
633 2671 837 2770 scripturam
852 2671 1071 2766 construxit,
1088 2675 1186 2766 quali
1201 2743 1206 2760 Ν,

178 2775 259 2846 tulo
278 2771 376 2848 Pauli
394 2772 437 2850 de
455 2773 517 2848 suo
538 2777 739 2868 cumulans,
756 2773 961 2848 conviilum
977 2785 1083 2864 atque
1102 2793 1177 2846 con
1225 2815 1243 2871 ¹··

134 2869 140 2882 '
178 2867 253 2948 sum
269 2867 305 2948 id
318 2867 352 2944 se
367 2893 489 2966 amore
503 2871 601 2948 Pauli
616 2873 754 2966 secisse,
781 2875 868 2950 loco
886 2869 1068 2948 decesisse.
1131 2960 1134 2968 ,

180 2970 277 3063 mrim
293 2967 377 3046 fidel
394 2973 595 3066 proximum
616 2975 820 3068 videretur,
847 2987 888 3046 ut
903 2975 931 3046 is
949 2971 1103 3046 docendi
1124 2971 1160 3048 dt

178 3074 182 3083 '
205 3071 313 3144 uendi
333 3069 433 3146 daret
455 3069 593 3146 feminae
610 3073 845 3166 potestatem,
871 3073 930 3166 qui
948 3093 993 3144 ne
1011 3071 1148 3148 discere
1202 3076 1208 3087 '

180 3089 263 3248 {ern
284 3167 487 3244 constanter
504 3171 640 3245 mulieri
657 3173 823 3268 permisit.
879 3167 1044 3266 luceam,
1069 3173 1193 3267 inquit

179 3260 264 3341 ‘dumi
278 3276 408 3342 maritos
421 3271 491 3360 suos
510 3269 700 3359 consulentis
1218 3265 1227 3277 ¹

53 3357 62 3378 '
260 3377 314 3450 18.
342 3365 510 3446 Ceterum
536 3369 743 3464 baptismum
766 3391 843 3446 non
866 3386 1001 3446 temere
1024 3369 1245 3466 credendugh

184 3461 255 3544 effe
273 3465 410 3561 sciunt,
442 3489 594 3562 quorum
616 3469 772 3545 officium
791 3469 851 3546 est.
921 3471 1030 3544 Omni
1043 3473 1250 3566 -petentiae

185 3565 296 3660 dam,
329 3569 428 3644 suum
450 3571 559 3646 habet
582 3571 723 3648 ticulum
744 3572 891 3666 perinde
914 3571 957 3644 ad
983 3569 1251 3666 eleemosyn&

185 3669 439 3842 pertinentem.
495 3669 574 3746 lmo
596 3669 684 3746 illud
704 3673 827 3768 potius
843 3670 1154 3768 perspiciendum,
1183 3658 1250 3750 Νι

200 3773 245 3842 ite
258 3771 330 3842 dart
340 3771 486 3860 finalium
498 3771 644 3859 canibus,
662 3771 701 3850 (5
714 3777 815 3870 porcis
826 3777 973 3874 projicere
988 3775 1181 3868 margaritas
1193 3772 1249 3855 α’-

180 3868 291 3970 Jlras..
318 3867 352 3947 dt
372 3895 486 3946 manus
505 3897 544 3944 ue
554 3873 652 3968 facila
672 3871 874 3972 imposueris,
899 3893 939 3946 ne
949 3877 1124 3972 participes
1141 3873 1250 3950 alteru

650 3989 665 4025 'r
1124 3975 1222 4046 dala»
