2634 4336
114 373 368 470 dotumicern,
402 371 513 450 irnrno
533 371 567 448 dr
586 373 854 468 cadaverinam,
879 375 990 450 immo
1007 373 1041 448 dr
1059 375 1179 451 buma-

113 497 220 570 nam,
236 474 297 550 lui
313 476 439 568 utique
456 491 596 548 memor
613 475 651 548 in
673 472 757 548 urso
778 473 812 547 δι
833 475 967 550 leone?
993 475 1051 548 Sic
1070 476 1107 550 dt
1124 499 1189 554 ce··

112 574 264 652 teraad
285 573 596 672 incongruentiam
617 575 760 670 redige,
785 595 833 648 ne
853 573 994 672 fingulis
1010 595 1182 669 peroran-

114 675 171 750 dis
190 677 430 751 immoremur.
488 671 596 767 lpilus
612 676 734 746 anime
748 675 910 750 humane
929 677 1086 767 quisquis
1102 695 1181 750 mo·

114 775 207 870 dus,
230 795 451 869 quecunque
465 770 647 864 mensura,
674 773 758 866 quid
772 773 882 847 faciet
896 775 933 846 in
949 777 1178 869 amplioribus

111 877 227 972 longe
243 877 305 949 vel
322 873 576 950 minutioribus
591 871 824 950 animalibus?
851 869 1005 947 Necesse
1020 875 1071 949 est
1086 877 1181 952 enim

116 973 153 1049 u
173 993 306 1068 corpus
325 993 433 1048 omne
450 977 565 1047 anima
586 973 783 1068 compleri,
811 973 845 1048 dr
867 974 1016 1048 animam
1037 995 1181 1052 omnem

117 1094 278 1168 corpore
313 1073 458 1148 obduci.
523 1075 725 1174 Quomodo
759 1089 847 1172 ergo
881 1075 995 1148 anima
1024 1075 1179 1149 hominis

285 231 295 282 r
465 205 869 294 banaian·
1033 129 1186 312 gr:
1297 245 1301 257 ι

116 1175 317 1267 complebit
339 1173 588 1267 elephantum
615 1171 802 1264 quomodo
822 1174 909 1248 item
923 1173 1127 1248 obducetur
1143 1177 1180 1248 in
1309 1245 1312 1256 ,

42 1329 47 1339 .
116 1272 264 1350 culice?
294 1273 484 1348 siturtum
514 1271 769 1346 extenderetur
797 1286 859 1346 aut
873 1344 875 1346 ,
889 1275 1187 1368 contraheretur,

116 1365 286 1472 prdiecio
307 1372 579 1468 periclitabitur.
630 1367 680 1444 Et
693 1371 777 1444 ideo
793 1371 944 1466 adjicio,
972 1374 1068 1465 quod
1086 1375 1182 1448 nulla

116 1474 261 1551 ratione
276 1493 388 1566 capax
407 1470 458 1545 est
473 1471 676 1563 hujusmodi
692 1472 934 1546 translationis
951 1473 986 1545 in
1007 1473 1180 1568 animalia,
1309 1469 1312 1478 '

116 1593 189 1648 nec
207 1572 362 1647 modulis
381 1589 596 1666 corporum,
622 1588 691 1644 nec
712 1572 840 1644 ceteris
859 1583 995 1646 natrnae
1011 1569 1078 1645 sue
1096 1573 1183 1669 legi·

115 1675 187 1748 bus
212 1671 441 1765 adaequantia
492 1667 665 1761 Nunquid
684 1689 774 1768 ergo
798 1671 1038 1745 demutabitur
1060 1670 1181 1746 secun·

117 1771 276 1846 erundum
295 1771 483 1864 qualitates
503 1789 693 1868 generum,
720 1771 755 1842 dr
771 1774 881 1844 vitam
897 1791 1022 1846 eorum
1039 1783 1194 1846 contro

4 1903 5 1906 Ν
115 1875 206 1946 riam
228 1873 390 1946 humane
404 1872 519 1961 ruite,
556 1865 649 1944 facta
673 1865 799 1964 &ipsa
821 1871 1001 1944 contraria
1020 1870 1182 1946 humanu

116 1992 184 2069 per
198 1968 505 2046 demutationem?
530 1967 731 2043 Enimvero
749 1968 774 2044 fi
789 1970 1070 2045 demutationem
1085 1974 1184 2064 capit

118 2071 286 2146 amittens
303 2070 401 2166 quod
419 2069 508 2163 fuit,
533 2089 610 2142 non
626 2071 695 2143 erit
711 2087 788 2162 quae
800 2067 891 2160 fuit3
918 2071 989 2144 &ii
1006 2091 1083 2162 quae
1098 2069 1181 2164 fuit,

116 2191 197 2248 non
211 2173 301 2263 erit,
323 2167 439 2244 soluta
452 2169 503 2244 est
518 2193 839 2258 umoruuucucrc,
864 2189 939 2244 non
955 2167 1183 2246 adscribenda
1242 2177 1243 2184 ’

117 2269 256 2347 scilicet
272 2273 305 2344 ei
320 2269 464 2362 anime,
490 2267 607 2362 quefi
625 2269 888 2363 demutabitur,
914 2287 991 2342 non
1010 2271 1088 2346 erit.
1139 2271 1183 2344 ll·

118 2371 189 2448 lius
204 2371 298 2448 enim
313 2386 619 2450 urrawuerueu
637 2368 799 2462 dicetur,
819 2387 1039 2461 quecunque
1052 2389 1129 2444 eam
1143 2371 1182 2446 in

118 2469 185 2570 suo
207 2469 300 2544 statu
322 2469 566 2563 permanendo
588 2480 783 2560 pateretur.
833 2465 944 2564 lgitur
966 2467 990 2544 fi
1013 2489 1084 2542 nec
1107 2465 1182 2544 mu·
1277 2531 1310 2552 ,.

118 2571 190 2644 cari
207 2567 347 2667 potest,
372 2589 420 2643 ne
437 2587 514 2641 non
534 2567 577 2640 fit
591 2567 686 2661 ipsa,
711 2587 781 2642 nec
795 2587 1002 2662 permanere
1020 2569 1056 2642 in
1076 2568 1181 2666 statu,

120 2671 205 2766 quia
227 2669 407 2744 contraria
427 2685 503 2742 non
530 2669 647 2763 capit,
673 2685 795 2760 quaero
820 2669 934 2744 adbuc
952 2651 1099 2745 &anisam
1122 2669 1184 2744 all.

121 2791 228 2866 quam
241 2765 314 2842 fide
332 2769 471 2865 dignam
487 2767 692 2858 hujusmodi
706 2769 959 2844 translationis.
1010 2767 1104 2842 Nam
1119 2767 1184 2844 etii

116 2869 265 2964 quidam
279 2869 443 2944 homines
455 2865 574 2941 bestiis
590 2867 842 2960 adaquantur,
868 2887 937 2962 pro
955 2869 1182 2961 qualitatibus

119 2979 286 3062 morum,
312 2967 603 3064 &ingeniorum
630 2965 898 3062 &adfectuum-,
921 2970 1001 3061 quia
1017 2968 1051 3042 u
1065 2965 1183 3064 Deus,

120 3073 328 3168 Adfimilatur
347 3071 411 3165 rii,
437 3067 578 3160 inquit,
603 3068 692 3138 homo
713 3059 986 3138 irrationabiles
1003 3071 1185 3165 jumentisr

120 3189 201 3249 non
216 3167 300 3242 ideo
319 3167 422 3242 milvi
436 3183 482 3240 ex
498 3165 683 3262 rapacibus
706 3163 817 3260 fient,
843 3165 879 3240 dr
898 3185 1003 3241 canes
1023 3185 1069 3238 ex
1088 3166 1194 3260 spur-'-
1251 3168 1259 3185 ¹

4 3291 6 3304 '
123 3271 201 3364 cit,
226 3265 457 3362 &pantherae
476 3285 521 3338 ex
538 3267 697 3360 acerbis,
725 3279 787 3340 aut
805 3285 897 3340 oves
916 3287 962 3341 ex
975 3267 1122 3360 probis,
1148 3265 1218 3341 du.

121 3367 331 3446 hirundines
350 3385 397 3442 ex
410 3367 579 3462 garrulis,
606 3365 831 3442 &columbe
851 3387 896 3440 ex
912 3365 1069 3462 pudicis,
1090 3363 1196 3458 quali*

121 3467 249 3546 eadem
267 3463 456 3542 substantia
473 3465 596 3540 ardmae
614 3467 747 3558 ubique
765 3483 927 3540 naturam
944 3465 1040 3538 suam
1056 3467 1095 3538 in
1112 3467 1184 3539 ani·

118 3569 268 3654 maliunr
282 3565 728 3662 proprietatibusrepetat.
781 3564 890 3640 nunu
906 3563 957 3638 est
974 3578 1091 3639 autern
1107 3563 1184 3638 sub·

121 3667 275 3760 stantia,
302 3667 396 3742 aliud
418 3677 545 3739 natura
562 3663 769 3740 substantie.
829 3664 1008 3758 Siquidem
1031 3663 1186 3737 substan·

123 3770 178 3846 tia
193 3769 339 3862 propria
355 3761 406 3842 est
424 3765 477 3838 rei
496 3765 690 3858 cujusque,
716 3779 843 3838 natura
863 3783 956 3838 vero
975 3762 1094 3859 potest
1116 3760 1186 3836 elle

124 3865 348 3948 communit,
386 3861 531 3968 suscipe
544 3865 756 3966 exemplum
788 3863 1005 3972 -Subitantia
1018 3862 1183 4036 estflapis,

429 3979 433 3986 ’
610 4009 615 4016 -
1084 3979 1135 4035 er·
