2596 4336
174 195 252 276 urs
287 283 292 296 ἡ
316 173 527 276 mom.
551 153 1090 288 menstruatarum
1147 289 1153 298 .

174 334 424 441 presbimum:
448 353 492 418 ut
503 339 672 440 salutem,
698 339 1252 438 quamnonde'privilegioslr·

174 451 234 514 tus
253 440 488 537 poffidemus,
514 444 560 519 de
574 443 744 542 suffragio
761 441 855 521 attus
871 443 1108 520 elaboremus.
1158 439 1251 516 No·

92 609 94 616 .
173 539 229 614 bis
252 541 402 618 enimin
423 541 596 640 lbripture
619 545 725 640 hujus
746 545 908 628 semme.
940 545 1002 636 qui
1022 539 1249 636 imperfecta

173 639 330 720 essentie
357 637 504 740 sumus,
541 645 624 740 quia
651 648 832 722 amoribus
859 643 1017 736 Phileti,
1054 641 1249 735 &utique

174 741 318 818 abortui
344 741 582 840 deputamur,
614 747 716 840 quod
738 759 852 820 mater
870 745 1038 819 illorum·
1084 739 1156 816 Sed
1174 763 1248 818 no·

172 843 230 920 bis
247 841 390 936 quidem
404 844 502 918 veli
519 843 768 922 excesserimus
783 847 821 920 in
836 845 957 938 aliquo
978 841 1170 936 discipline
1185 843 1247 935 ju-

172 961 278 1042 mrm,
303 939 330 1016 fi
349 945 642 1038 obtorpuerimus
661 949 699 1021 in
723 947 893 1040 operibus
916 941 1116 1021 sanctitatis.
1130 955 1247 1033 etque

170 1039 335 1142 leutitia,
358 1039 646 1122 srconfiteodum
661 1047 767 1138 alibi,
793 1045 914 1120 nescio
928 1044 1011 1135 ubi,
1038 1043 1162 1118 &non
1177 1039 1245 1118 sub

170 1139 411 1258 potestatibus
433 1141 689 1264 istiususeculi,
727 1145 820 1242 apud
840 1145 1041 1260 tribunalia·
1054 1140 1246 1258 presidum

170 1241 1246 1448 tlhltllmh5⁰22.hlstd.⁹¹lthlmtd²;

137 1499 140 1508 .
171 1439 382 1520 blandiente
409 1441 477 1518 suis
503 1442 734 1540 Achamoth,
766 1445 938 1540 quoniam
963 1443 999 1516 dt
1023 1439 1096 1538 ipsa
1128 1441 1247 1516 delin-

172 1541 321 1636 quendo
341 1544 511 1640 profecit.
561 1543 659 1622 Nam
681 1545 715 1622 dt
734 1545 1031 1620 honorandorum
1045 1541 1246 1636 coniugio·

173 1663 255 1717 rum
278 1641 513 1735 supernorum
536 1645 671 1744 gratia,
704 1647 835 1722 dicitur
851 1642 944 1738 apud
966 1643 1047 1744 illos
1063 1640 1245 1717 meditan-

171 1743 261 1818 dum
287 1753 395 1836 atque
421 1745 674 1822 celebrandum
699 1745 834 1840 semper
856 1745 1136 1832 sacramentum,
1177 1759 1244 1814 co·

170 1843 278 1936 ruiti,
303 1841 341 1916 id
362 1841 442 1936 est,
467 1844 609 1920 semino
630 1847 871 1934 adhaerendos
904 1843 1062 1934 alioquin
1083 1841 1244 1937 degene-

171 1961 250 2020 rem
262 1963 332 2016 nec
343 1944 540 2040 legitimum
553 1945 737 2039 veritatis,
756 1947 815 2038 qui
829 1943 1033 2020 deversatus
1046 1943 1085 2016 in
1099 1941 1243 2016 mundo

170 2057 250 2120 non
263 2045 439 2137 armaverit
452 2043 652 2138 seminem,
680 2065 750 2118 nec
767 2045 802 2120 se
821 2047 854 2122 ei
866 2043 1035 2137 junxerit.
1084 2037 1134 2116 Et
1154 2039 1244 2136 quid

170 2141 306 2220 sacient
323 2133 520 2246 spadones,
547 2163 638 2236 quos
659 2145 825 2220 videmus
841 2145 935 2238 apud
948 2138 1058 2216 illesi

12 2269 17 2276 ¹
119 2289 123 2298 ,
250 2259 306 2334 31.
335 2237 505 2338 Superest
529 2243 574 2319 de
600 2243 909 2320 consummatione
925 2237 1243 2334 &dispensatione

168 2339 358 2418 mercedis.
417 2343 546 2420 Subito
566 2343 774 2420 Achamoth
797 2359 914 2420 totam
934 2339 1075 2420 massam
1095 2337 1242 2418 seminis
1270 2371 1274 2380 ·

169 2437 222 2516 sul
239 2439 422 2538 presserit,
448 2445 530 2520 dein
546 2447 718 2542 colligere
737 2446 774 2520 in
791 2447 960 2520 horreum
973 2441 1147 2535 ceperit,
1177 2443 1244 2518 vel

168 2561 255 2618 cunr
276 2541 321 2616 ad
343 2547 457 2620 molas
481 2545 696 2620 delatum-dc
715 2545 985 2635 defarinatum,
1008 2543 1046 2614 in
1069 2539 1244 2636 consper-

12 2657 14 2664 ’
167 2641 279 2718 nonis
294 2639 455 2720 salutaria
468 2643 713 2740 absconderit,
728 2644 846 2736 donec
859 2657 980 2718 totum
995 2639 1244 2732 confrequen-

167 2753 290 2833 tetur,
322 2757 412 2818 tunc
435 2741 694 2822 consummatio
719 2745 871 2840 urgebit.
921 2737 1034 2840 Igitur
1054 2741 1093 2814 io
1113 2743 1243 2834 primia

166 2841 245 2936 ipsa
258 2839 493 2938 Achamoth,
520 2843 565 2918 de
583 2845 735 2942 regione
755 2844 976 2935 medietatis,
1004 2840 1048 2914 de
1069 2841 1242 2916 tabulato

167 2939 354 3035 secundo,
380 2945 417 3017 in
440 2943 610 3018 summum
636 2940 892 3034 transferetur,
928 2939 1090 3014 restituta
1115 2941 1245 3035 plero-

164 3037 1246 3240 isitii-“h{lusistislusistisipss.

358 3193 397 3231 ,9

12 3255 14 3262 “
165 3242 208 3316 r'n
227 3237 408 3336 seripturis
432 3241 606 3336 sponsus,
638 3241 878 3338 dipesele,
912 3239 1089 3316 Pleroma.
1150 3239 1242 3316 Cre·

101 3401 120 3421 .,
164 3339 232 3414 das
253 3342 350 3416 enim
370 3343 433 3415 ubi
454 3341 606 3416 deloco
628 3343 810 3417 inlocum
823 3341 1111 3437 transmigratur,
1137 3341 1243 3436 leger

170 3459 318 3533 quoque
331 3438 441 3537 Julius
459 3441 701 3533 intervenire,
728 3441 816 3538 sicut
833 3441 867 3514 dc
883 3439 1040 3513 Cainam.
1090 3435 1143 3512 Et
1164 3437 1244 3514 De·

164 3541 345 3636 miurgus,
366 3553 454 3616 tunc
470 3539 514 3614 de
527 3541 751 3616 hebdomade
766 3539 895 3616 celesti
911 3542 948 3614 in
963 3537 1150 3634 superiora
1164 3559 1244 3614 mu·

16 3644 22 3672 ‘
166 3638 283 3731 tabit,
308 3640 345 3714 ln
359 3659 514 3714 uacuum
526 3644 599 3736 jam
620 3643 840 3715 coenaculnm
855 3642 999 3732 metris,
1021 3637 1133 3717 scietas
1149 3639 1240 3732 jum,

159 3736 384 3916 oeaclgliflms
398 3740 506 3817 illam.
557 3739 655 3818 Nam
674 3739 699 3816 fi
717 3743 768 3818 ita
787 3753 885 3836 erat,
913 3739 1050 3838 semper
1065 3739 1242 3838 ignorare
1281 3783 1283 3794 ι

159 3853 206 3914 tm
305 3851 354 3914 et.
438 3899 443 3904 .
495 3897 500 3906 .

788 3951 791 3958 ’
946 3902 951 3912 ⁸
1027 3959 1084 4033 32.
1110 3934 1191 4013 Hu-

46 4007 100 4020 Δ.
112 4008 116 4019 r
