2926 4372
349 195 931 288 ·nPu1>tcrr1A.
1122 217 1192 300 aaa

142 361 259 447 desiliit
276 365 403 440 alienis.
455 361 548 438 Item
567 361 611 436 ad
625 355 819 456 Ephefi083
846 365 962 438 Nolite
976 385 1044 458 orgo
1057 370 1195 461 partiei-

136 487 184 568 μ
200 463 252 558 effa
270 491 385 540 eorum.
446 466 560 567 Fuiflt's
580 470 666 536 enim
685 465 856 562 aliquando
875 466 1017 536 ramira.
1068 463 1119 540 Et
1134 465 1193 542 ad·
1261 474 1265 486 '
1307 525 1310 536 .

138 569 205 644 huc
223 564 382 662 pressius:
407 565 520 639 Nolite
537 569 760 638 communicare
773 565 911 662 operibus
928 563 1131 662 infruiiuqsi
1147 584 1193 646 te·

137 667 321 754 nesiorum,
349 672 441 740 immi
456 664 496 742 ss
510 669 666 738 revincite
678 689 722 736 ea
774 667 865 766 Qua
882 666 1024 740 enimin
1041 669 1192 744 occulto

138 769 179 842 ab
202 769 249 840 eis
272 763 385 860 fiunt,
412 781 518 861 turpe
534 762 585 838 est
601 763 754 840 edicere.
806 765 903 861 Quid
919 765 1057 858 turpius
1078 770 1194 862 impu·

139 865 291 942 dicitiisi
319 865 366 940 .Si
387 879 506 942 autem
530 864 627 938 &ab
648 860 766 938 otiose
789 865 980 938 incedente
1000 866 1111 941 fratre
1134 869 1193 944 de·

136 967 274 1042 nuntiat
296 963 442 1040 subduci
456 963 850 1056 Thessalonicensibus,
881 968 1194 1064 quantomagis&

137 1063 420 1142 alornicatorei
456 1063 545 1140 Haec
568 1065 663 1138 enim
685 1059 847 1138 consulta
872 1061 952 1140 sunt
975 1063 1103 1140 christi
1123 1065 1194 1142 Ec.

137 1165 270 1242 clesram
287 1165 486 1264 diligentis,
512 1163 572 1258 qui
590 1161 624 1238 se
641 1185 711 1258 pro
731 1185 773 1238 ea
790 1163 935 1240 tradidit
954 1165 1007 1238 uti
1023 1187 1106 1244 ,earn
1121 1169 1195 1244 san-

109 1353 110 1364 ,
137 1263 288 1359 aificet,
314 1263 508 1342 emundans
524 1265 679 1343 ‚lavacro
701 1283 800 1356 aqua
817 1265 855 1338 in
876 1265 1015 1362 verb0,
1042 1278 1084 1339 ut
1101 1265 1196 1342 sistat

109 1389 110 1398 ¹
135 1365 195 1444 stbi
209 1365 404 1442 Ecclesiam
421 1361 612 1462 gloriosam
633 1384 711 1438 non
734 1365 926 1438 habentem
945 1369 1119 1442 maculam
1132 1383 1196 1444 aut

135 1487 277 1564 rugam,
310 1466 435 1560 utique
457 1465 540 1562 post
556 1465 766 1558 lavacrum,
800 1461 859 1538 sed
876 1464 919 1540 fit
941 1464 1055 1540 sanna
1071 1467 1106 1540 dt
1121 1468 1195 1544 line

136 1565 363 1662 opprobrio,
399 1564 528 1640 exinde
551 1561 687 1638 scilicet
712 1563 787 1637 sme
819 1581 907 1660 ruga
933 1565 1120 1642 vetustatis
1151 1583 1195 1648 ut

133 1667 260 1764 virgo,
285 1665 358 1740 fine
374 1666 514 1741 macida
526 1663 780 1739 fornicationis
795 1675 839 1736 ut
853 1661 998 1758 sponsa,
1024 1665 1097 1742 fine
1109 1687 1195 1762 prot

134 1764 199 1840 bio
220 1765 398 1858 vilitatis,
428 1781 472 1838 ut
490 1763 690 1862 emundata.
750 1763 848 1864 Quid
868 1763 894 1838 ss
913 1765 948 1838 dc
969 1765 1029 1838 hic
1048 1765 1194 1866 respon,

134 1865 216 1940 dere
232 1865 439 1960 concipias,
466 1864 570 1940 adimi
587 1863 729 1956 quidem
742 1865 1020 1959 peccatoribus,
1047 1871 1110 1942 vel
1123 1891 1195 1946 ma·

133 1965 225 2040 xime
241 1985 351 2042 carne
366 1965 536 2059 pollutis,
563 1963 948 2057 communicationem,
974 1961 1034 2040 sed
1051 1967 1094 2041 ad
1107 1991 1194 2062 prae·
1305 2054 1306 2064 Ν

133 2061 232 2160 sens,
254 2065 507 2140 restituendam
522 2063 657 2140 scilicet
671 2085 716 2138 ex
731 2063 949 2158 poenitentiae
963 2067 1118 2164 ambitu,
1143 2068 1196 2146 se·

108 2163 109 2198 ³
134 2167 291 2242 cundum
315 2165 411 2240 illam
435 2167 659 2240 clementiam
678 2162 777 2260 Dei,
792 2180 794 2188 ’
812 2186 889 2258 quae
908 2169 1047 2242 mavult
1069 2191 1199 2262 pecca·

133 2267 221 2340 toris
240 2265 487 2362 poenitentiam
510 2287 613 2358 quam
635 2278 804 2342 mortem.
854 2265 940 2340 Hoc
959 2269 1054 2342 enim
1070 2269 1196 2346 funda·

131 2381 293 2440 mentum
305 2367 486 2460 opinionis
503 2363 628 2440 vestra
641 2383 896 2457 usquequaque
908 2365 1116 2461 pulsandum
1132 2372 1194 2452 est.
1328 2427 1330 2438 .

132 2463 297 2540 Dicimus
317 2467 464 2559 itaque,
497 2466 694 2540 clementie
710 2463 840 2537 divinae
854 2463 880 2538 si
895 2467 945 2540 ita
964 2467 1035 2542 elle
1049 2490 1195 2566 compe.

132 2563 226 2650 tillet
243 2565 588 2644 demonstrationem
599 2563 649 2638 soi
665 2565 770 2638 etiam
782 2563 865 2658 post
880 2563 987 2642 fidem
1004 2569 1126 2665 lapsis,
1145 2572 1197 2650 ita

129 2663 331 2761 Apostolus
359 2663 521 2760 diceret,
555 2667 668 2740 Nolite
694 2671 922 2738 communicare
944 2671 1082 2765 operibus
1109 2691 1197 2748 tene·

129 2764 287 2849 haum,
320 2764 384 2840 nisi
402 2765 650 2860 penitentiam
673 2766 835 2862 egerint:
869 2763 927 2860 &‚
954 2787 1037 2844 cum
1063 2774 1195 2850 ulitur
1304 2809 1307 2822 ·

129 2883 176 2949 pe
190 2867 314 2942 cibum
331 2865 473 2958 quidem
485 2863 641 2958 sumere,
659 2865 723 2940 nist
737 2863 968 2960 posteaquam
983 2869 1112 2969 caligas
1126 2873 1196 2948 ira.

128 2979 226 3042 aum
252 2966 456 3040 volutando
479 2963 700 3040 deterserint.
750 2961 819 3039 Et:
853 2969 926 3060 Qui
952 2973 1099 3067 timpum
1132 2977 1198 3044 Dei

128 3073 335 3154 vitiaverit,
362 3067 496 3138 vitiabit
515 3071 602 3140 ilum
622 3071 727 3152 Dius,
758 3065 821 3140 nisi
844 3067 1006 3144 omnium
1024 3069 1198 3150 focorum

129 3165 270 3242 dneres
288 3167 327 3240 in
340 3160 500 3242 Ecclesia
518 3167 565 3242 de
584 3163 700 3264 capite
717 3161 783 3238 suo
797 3163 1000 3244 excusserit.
1050 3169 1198 3246 Debue-

128 3281 186 3342 rat
202 3268 302 3343 enim
317 3287 394 3360 quae
408 3267 639 3346 damnaverat
652 3265 808 3361 proinde
820 3265 1086 3363 determinasse,
1107 3292 1198 3363 quo-

126 3385 210 3443 nam
226 3367 395 3460 usque&
416 3365 479 3440 sub
503 3388 571 3460 qua
590 3365 803 3470 conditione
823 3365 1037 3462 dmnaffet,
1066 3370 1199 3450 sstem·
1259 3439 1263 3449 .

124 3471 248 3564 porali
273 3467 309 3542 dt
337 3467 602 3561 conditionali,
636 3467 670 3539 dt
696 3487 775 3542 non
802 3481 980 3562 perpetua
1004 3465 1198 3563 severitate

125 3563 336 3644 damnasset
394 3566 513 3641 Porro
538 3588 619 3658 qum
638 3567 676 3640 in
698 3567 866 3640 omnibus
878 3565 1048 3660 Epistolie
1066 3572 1100 3646 a
1115 3568 1199 3668 post

123 3663 239 3744 fidem
262 3669 371 3742 talem
393 3667 586 3762 prohibeat
609 3667 772 3760 admitti,
808 3665 843 3740 ἃ
865 3663 1044 3744 admiffiin
1061 3695 1081 3746 a
1099 3695 1199 3748 com·

125 3769 377 3850 varicatione
394 3765 581 3860 detrudat,
606 3765 679 3840 fine
697 3763 759 3861 spe
774 3765 995 3844 conditionis
1012 3773 1118 3846 ullius
1136 3783 1198 3844 aut

126 3869 331 3972 emporii,
361 3865 492 3946 nosue
512 3867 621 3972 magia
639 3864 824 3946 sermone
841 3864 996 3968 adsistit,
1026 3889 1198 4048 Zoippum,
