2634 4336
185 219 261 330 ina
334 188 535 332 instrat
557 160 705 304 Fida
730 209 1103 306 sanabuntur

184 401 306 470 berno
322 391 432 488 nagia
454 391 595 484 quieta,
621 390 725 493 quod
740 387 836 466 elias
853 385 1021 464 dissolvar
1037 389 1191 488 animas,
1215 379 1253 470 dt

184 484 314 588 hyems
337 486 606 588 ‘quodammodo
627 491 805 584 obduret,
831 489 1071 564 &autumnus
1089 496 1252 568 tentator

184 593 271 670 blias
290 591 539 672 valetudinum
554 589 665 664 succis
679 609 873 686 pomorum
887 583 1109 668 vinosissimis
1128 591 1250 672 diluat.

160 708 162 716 ’
182 681 278 774 Item
290 699 343 766 'ex
363 691 467 784 ipsius
485 687 613 784 quietis
632 689 720 786 litu,
746 689 906 782 fineque
920 685 1106 786 resupina,
1133 701 1253 786 neque

184 793 342 870 dextero
367 793 479 884 latere
503 785 717 884 decumbat,
738 791 867 882 'neque
896 785 1178 886 conresupinatis
1198 795 1251 868 in·

184 891 327 986 ternis,
359 889 453 984 quasi
474 886 597 964 refusis
618 891 770 983 loculis,
804 888 910 963 statio
932 882 1093 966 sensuum
1117 889 1251 988 fluitet,

185 1001 252 1068 aut
267 987 467 1088 compreillr
480 988 614 1083 jecoris
634 991 759 1088 angina
776 989 820 1064 srt
833 989 974 1066 mentis.
1024 989 1094 1064 Sed
1107 991 1184 1066 haec
1198 992 1252 1066 in·

184 1075 332 1190 geniose
351 1087 529 1181 estimari,
553 1089 676 1183 potius
690 1109 794 1182 quam
808 1087 1013 1164 constanter
1026 1091 1171 1186 probari
1187 1111 1252 1188 pu*

184 1195 282 1284 tem,
299 1187 362 1265 etsi
375 1183 480 1264 Plato
497 1183 547 1262 est
561 1191 625 1284 qui
639 1211 681 1262 ea
692 1185 896 1282 estimavit,
914 1185 1154 1266 &fortassean
1170 1185 1252 1266 cair

183 1290 399 1390 'procedant
450 1283 627 1381 Alioquin
643 1309 689 1363 ex
709 1289 829 1364 arbitri
877 1305 983 1364 eruut
998 1285 1267 1384 somniandi,

183 1391 253 1488 'rigi
272 1401 460 1484 poterunt.
516 1381 614 1466 Nam
640 1389 796 1482 quod&
842 1389 973 1468 ecibis
999 1389 1252 1486 distinguendis

183 1493 248 1566 vel
266 1487 508 1588 derogandis,
533 1509 630 1562 nunc
653 1487 905 1584 presumptio,
931 1503 1029 1562 nunc
1046 1477 1252 1584 superstitisi

184 1587 404 1684 disciplinam
418 1575 561 1662 somniis
578 1586 791 1686 prescribit,
813 1589 1082 1669 exarninandum
1098 1589 1159 1666 est.
1187 1589 1253 1664 Su·

155 1701 162 1716 '
183 1689 378 1806 perstitio,
404 1695 446 1762 ut
466 1709 547 1760 cum
569 1687 662 1784 apud
679 1689 824 1762 oracula
841 1685 1060 1762 incubaturis
1076 1691 1253 1783 jejunium

121 1869 146 1888 st
183 1790 379 1880 indicitur,
414 1801 456 1862 ut
477 1787 718 1862 castimoniam
736 1785 898 1861 inducat:
930 1787 1184 1885 presumptio,
1209 1797 1253 1864 ut

152 1883 154 1895 '
185 1905 269 1964 curn
285 1879 515 1983 Pythagorici
538 1889 587 1960 ob
610 1889 702 1962 nanc
723 1907 869 1982 quoque
888 1880 1040 1982 speciem
1060 1889 1179 1964 fabam
1196 1909 1252 1962 re·

184 1987 338 2082 spuunt,
358 1984 550 2060 onerosum
565 1987 599 2058 dt
613 1983 775 2060 inflatum
788 1987 967 2082 pabulum.
1002 1987 1142 2081 Atquin
1158 1989 1254 2064 trina

183 2085 246 2164 illa
268 2106 350 2160 cum
368 2086 523 2178 Daniele
541 2084 745 2159 fraternitas
769 2087 949 2182 legumine
971 2085 1050 2161 solo
1069 2089 1253 2184 contenti,

185 2197 234 2260 ne
257 2187 388 2284 regulis
410 2185 556 2260 ferculis
575 2184 936 2282 contaminarentur,
968 2203 1098 2282 praeter
1118 2186 1256 2283 sapien*

93 2327 96 2345 ·
160 2303 162 2308 ·
184 2287 273 2362 tiam
287 2287 458 2378 reliquam
474 2283 690 2360 somniorum
705 2285 884 2381 praecipue
898 2289 1046 2384 gratiam
1061 2309 1082 2362 a
1096 2287 1183 2364 Deo
1197 2307 1258 2364 ree

188 2385 425 2463 demetunt&
442 2383 748 2480 impetrandorum
766 2385 799 2457 dc
815 2377 1105 2462 nfferendomm.
1157 2387 1255 2484 Jeju·

185 2488 256 2560 niis
274 2499 392 2558 autem
407 2482 529 2560 nescio
545 2507 589 2560 an
605 2507 674 2582 ego
688 2483 785 2560 solus
799 2485 989 2580 plurimum
1000 2487 1051 2562 ita
1064 2483 1256 2585 somniem,

185 2599 230 2659 ut
253 2601 310 2660 me
333 2575 517 2658 somniasse
534 2606 611 2658 non
632 2579 788 2662 sentiam.
838 2579 942 2660 Nihil
960 2607 1047 2684 ergo
1063 2580 1256 2682 sobrietas,

185 2685 347 2776 inquies,
370 2675 413 2758 ad
427 2685 519 2756 hanc
535 2699 692 2778 partem:
717 2685 827 2760 immo
841 2685 1068 2784 tantomagis
1083 2687 1126 2760 ad
1141 2687 1256 2780 hanc,

160 2873 164 2882 ¹
188 2797 359 2878 quantum
375 2779 408 2856 u
423 2781 466 2856 ad
482 2803 646 2875 omnem3
664 2783 689 2860 si
704 2781 738 2856 dr
752 2787 795 2860 ad
808 2778 1112 2880 superstitionem,
1132 2787 1255 2862 multo

188 2885 337 2980 amplius
360 2883 403 2958 ad
422 2885 485 2956 reli
512 2885 643 2958 ionem.
700 2879 759 2958 Sic
784 2886 878 2976 enirn
896 2885 931 2956 dt
948 2885 1121 2960 demonia
1138 2905 1256 2980 expo·

187 2984 320 3060 stulant
343 3005 421 3057 eam
442 3005 461 3056 a
483 2906 549 3056 (gitis
568 2982 866 3082 somniatoribus,
893 2979 936 3056 ad
949 2987 1171 3062 lenocinium
1189 2981 1258 3060 sei·

186 3085 277 3160 licet
298 3083 519 3177 divinitatis,
555 3085 636 3176 quia
659 3082 865 3158 familiarem
880 3083 955 3158 Dei
976 3099 1134 3167 norunt:
1168 3085 1259 3180 quia
1280 3116 1283 3135 ³

188 3185 225 3259 te
245 3183 375 3257 Daniel
406 3180 523 3262 rursus
549 3185 656 3256 trium
683 3183 947 3258 hebdomadum
976 3183 1130 3260 statione
1157 3178 1258 3260 aruit

187 3283 299 3360 vitiu
357 3281 426 3356 Sed
448 3296 490 3354 ut
508 3280 628 3356 Deum
645 3283 809 3378 inliceret
828 3280 1082 3358 humiliationis
1106 3279 1258 3382 officiis,

132 3439 144 3447 .
188 3403 268 3458 non
282 3393 324 3454 ut
339 3382 462 3455 anirnae
479 3375 701 3456 somniaturae
722 3379 903 3458 sensum&
919 3377 1122 3478 sapientiam
1141 3383 1259 3459 strue·

93 3541 99 3558 s
188 3497 266 3570 ret,
292 3480 385 3573 quasi
406 3481 538 3554 nonin
560 3473 679 3554 ecstasi
696 3476 833 3557 auurae.
883 3483 1028 3558 Itanon
1046 3483 1090 3558 ad
1107 3481 1260 3560 ecstasin

188 3579 471 3658 submovendam
495 3561 670 3654 sobrietas
692 3579 883 3676 proficiet,
917 3579 976 3656 sed
996 3581 1167 3682 adipsum
1192 3603 1262 3658 ec·

62 3689 64 3700 ⁴
188 3681 288 3758 stasrn
305 3677 642 3776 commendandam,
669 3696 711 3753 ut
726 3678 764 3755 in
779 3681 866 3756 Deo
885 3677 960 3758 fiat

262 3801 322 3872 49.
345 3779 500 3851 infantes
514 3779 572 3871 qui
586 3799 663 3852 non
676 3795 804 3876 putant
819 3779 1015 3878 somniare,
1035 3801 1115 3858 curn
1129 3777 1264 3857 omnia

78 3855 80 3860 ⁵
189 3878 312 3952 annuat
325 3894 395 3970 pro
408 3877 521 3952 modo
537 3879 650 3955 etatis
666 3896 916 3980 expungantur
926 3881 964 3957 in
979 3884 1073 3978 vita,
1096 3881 1264 3957 animad-

269 4003 271 4008 ·
1116 3999 1206 4056 ver-
