2638 4342
379 251 741 352 ,Casurum
995 228 1095 344 x'693

90 405 261 488 Necnon
277 407 442 487 samsonis
462 411 565 506 super
583 415 704 486 omnia
722 410 1006 507 commovisse,

48 505 186 604 Spiritus
208 513 279 586 hoc
295 512 431 610 donum
452 515 559 606 capiti
574 509 738 588 concessa
756 510 927 605 potestas,

47 603 112 684 Pro
134 613 271 706 populo
291 609 407 706 solus,
433 615 533 686 nullo
551 633 746 704 mucrone,
772 631 841 684 nec
862 609 983 705 armis,

48 703 96 782 Os
110 713 265 798 retinens
284 712 363 786 asini
377 711 572 805 prostravit
586 731 742 809 corpora
756 711 866 802 mille,

46 803 193 884 Vincula
205 813 302 883 nulla
321 811 437 886 virum
452 810 609 884 vinetum
625 827 780 904 potuere
800 821 938 884 tenere.
1032 827 1035 834 ·

37 903 165 982 -Gloria
178 907 237 986 sed
257 909 441 1004 postquam
458 913 594 1004 captivi
613 923 713 985 mota
729 909 879 1002 recessu,

48 1003 204 1096 Occidit,
232 1022 338 1102 atque
357 1009 475 1084 hostes
489 1009 604 1084 vitius
621 1007 681 1083 sua
695 1025 814 1083 morte
832 1006 993 1082 redemit.

90 1129 121 1198 5.
146 1106 324 1184 Mirificus
339 1107 502 1202 Samuel,
528 1111 586 1182 cui
600 1109 720 1206 Reges
741 1127 876 1204 ungere
893 1109 1047 1202 primum

43 1201 274 1300 Precepttm,
300 1208 383 1281 dare
400 1207 568 1301 chrisma,
595 1211 697 1282 viros
717 1207 905 1284 ostendere
918 1205 1095 1300 Christos,
1214 1296 1217 1306 Ι

43 1301 183 1380 Talibus
198 1309 235 1380 in
252 1310 335 1380 vitae
349 1305 463 1404 spatio
476 1309 660 1396 laudabilis
675 1311 762 1406 egit,

44 1399 92 1476 Ut
107 1427 253 1498 quoque
271 1406 353 1500 post
368 1409 528 1500 requiem
544 1409 757 1501 prophetica
767 1409 847 1500 jura
867 1418 1019 1486 teneret.

42 1497 327 1602 Psalmographus
343 1507 481 1600 Dauid,
507 1529 654 1604 magnus
668 1507 749 1580 Rex
767 1522 874 1598 atque
890 1505 1069 1603 propbeta

43 1595 214 1678 Passumm
231 1601 407 1680 Christum
423 1605 580 1680 submissa
596 1627 694 1680 voce
710 1607 863 1680 canebat

41 1697 173 1795 Sponte
192 1705 292 1798 quod
309 1706 466 1804 ingratus
486 1708 641 1806 populus
660 1707 732 1780 stne
749 1709 828 1802 lege
840 1702 995 1802 peregit,

17 1799 19 1878 l
42 1799 102 1904 Cui
122 1803 224 1878 Deus
240 1825 284 1878 ex
300 1821 410 1880 utero
427 1806 582 1880 dueum
593 1803 803 1900 promiserat
823 1807 910 1886 olim

39 1896 178 1978 Prolem
200 1901 336 1980 sublimi
355 1903 449 1980 solio
465 1905 531 1980 suo
544 1925 687 1999 ponere
705 1903 870 1980 samsima:

38 1993 119 2078 Fixa
134 1999 222 2078 fides
246 2003 413 2100 Domini,
440 2027 518 2099 quae
533 2005 743 2100 sponderat,
771 2003 890 2078 omnia
911 2001 1012 2080 fecit.

40 2101 207 2178 Aemulus
226 2101 421 2198 Ezechias,
447 2107 574 2200 populi
590 2101 776 2178 corretlor
791 2104 932 2198 inertis,

40 2197 169 2278 Oblitis
184 2207 302 2300 legem
320 2205 379 2296 qui
393 2205 605 2280 restauravit
619 2205 761 2297 iniquis,

37 2297 120 2375 llaec
138 2303 227 2378 olim
243 2303 408 2377 mandate
421 2305 492 2378 Dei
511 2306 612 2399 prior
625 2304 747 2376 omnia
759 2301 865 2393 justit,

36 2399 107 2576 3ιυί
123 2403 293 2496 precibus
306 2404 460 2496 bellum,
485 2423 562 2478 non
574 2401 662 2477 ferri
681 2401 823 2496 cuspide
840 2399 963 2478 solvit.

74 2502 103 2574 'c
118 2505 279 2578 moriens
293 2503 458 2596 lacrymis
477 2523 591 2582 annos
610 2523 652 2576 ac
668 2515 834 2596 tempora
848 2500 937 2572 vite

35 2596 210 2696 Accepit,
237 2603 368 2676 merito
384 2605 492 2678 talem
508 2600 592 2676 tulit
609 2599 704 2676 aeus
721 2601 914 2682 honorem,

37 2695 170 2798 Ingenti
187 2702 280 2778 Zelo
297 2703 429 2797 Josras,
454 2701 575 2778 reslor
591 2701 625 2774 &
639 2699 726 2796 ipse,
862 2745 871 2772 κ

35 2791 191 2878 'sottum
210 2821 323 2876 nemo
335 2799 457 2897 supra,
482 2823 552 2878 nec
568 2799 691 2896 postea
709 2801 831 2874 taliter
846 2801 932 2900 egit
965 2884 968 2890 ,

36 2893 134 2974 Idola
150 2899 334 2994 destituit,
360 2899 532 2975 destruxit
543 2903 678 2994 templa
695 2899 863 2994 refunde,

34 2993 154 3094 Atque
175 2997 382 3076 sacerdotes
396 2999 499 3094 super
518 3023 593 3074 aras
606 3001 689 3096 igne
703 3001 894 3094 cremavit,
985 3020 989 3028 ·

36 3093 116 3172 orla
129 3099 395 3194 Prophetarum
411 3097 579 3176 iblsomrm
596 3097 722 3172 euntia
734 3098 888 3192 refodit,

33 3191 269 3291 incenditque
284 3221 358 3274 aras
374 3199 549 3274 adolenda
564 3199 739 3272 sedavere
754 3199 870 3294 tigrin

33 3291 174 3398 lnhgnis
194 3297 278 3376 sulci
296 3299 333 3372 in
348 3300 510 3390 laudem,
535 3297 790 3400 memorabile,
816 3293 932 3370 radius

33 3391 177 3472 Nobilis
194 3393 317 3492 Elias,
344 3399 404 3496 qui
421 3399 582 3476 noudum
602 3397 721 3472 debita
734 3398 862 3470 mortis

34 3491 224 3586 Gullouit,
250 3497 419 3592 quonism
432 3495 569 3574 rursum
581 3511 755 3572 uenturus
769 3499 806 3573 in
822 3495 946 3570 orbern
964 3491 1031 3588 est,

32 3587 127 3694 Ergo
150 3595 301 3675 infretis
320 3593 408 3674 fides
431 3599 605 3694 populum
619 3617 810 3693 regemque
827 3595 1021 3690 furentem,

32 3691 201 3772 Militiam
218 3695 387 3790 Dutnini,
413 3700 473 3792 qui
486 3694 672 3770 deseruere
690 3699 844 3788 beatam,

32 3789 283 3892 Verberibus,
306 3795 471 3872 Flmrmis
486 3795 654 3890 castigans
670 3793 788 3870 hostes
806 3794 944 3887 amaris,

30 3889 152 3979 sidera
169 3897 369 4000 condunt,
393 3897 582 4071 mnutquc
596 3895 635 3968 in
650 3895 811 3970 nubium
824 3895 1043 4076 imbremm

531 4045 548 4076 e
569 4017 596 4076 Χ
623 4015 644 4098 8
687 4031 691 4046 “
