2572 4336
189 213 238 310 38
319 209 367 310 Q.
391 203 528 285 Soet.
548 205 696 284 ‘Fron
721 203 1088 283 Tanruuisnsr

191 367 1247 432 acam-:Q

194 513 197 520 ¹
306 493 354 592 Q.
396 489 1130 570 SEPTIMIIFLORENTIS

438 659 993 774 TERTULLlANI

357 864 637 934 LIBER
702 868 1061 935 PRIMUS

236 1019 455 1160 AD
515 1017 1194 1160 UXOREM.

606 1316 729 1372 s1.

184 1466 382 1644 Dignum
398 1461 482 1536 duxi
496 1461 729 1540 dilc'fflfflma
719 1487 756 1538 m
772 1438 920 1540 domino
940 1445 1136 1559 conserva,
1162 1465 1246 1558 qaut

157 1634 170 1646 ,,
279 1565 345 1638 tibi
359 1563 557 1638 satiandum
569 1565 612 1638 sit
623 1565 705 1660 post
718 1564 896 1640 discellum
914 1569 958 1640 de
975 1565 1095 1640 seculo
1110 1587 1245 1662 meum,

82 1731 86 1741 ,
183 1667 325 1762 siprior
345 1677 384 1736 te
407 1663 512 1738 fuero
539 1675 717 1759 vocatus,
748 1667 818 1759 jam
841 1667 925 1739 liinc
950 1667 1169 1760 providere.
1206 1682 1246 1742 ut

183 1765 366 1862 provisum
388 1763 577 1856 observes,
603 1767 769 1838 mandare
794 1761 886 1838 fidei
901 1781 982 1840 tuae
1034 1765 1129 1838 Nam
1148 1764 1245 1840 secu

183 1865 314 1940 laribus
334 1863 415 1936 latis
430 1875 575 1960 agentes
598 1865 740 1958 sumus,
767 1865 802 1937 u
819 1865 960 1957 utrique
975 1861 1136 1940 nostrum
1157 1889 1245 1947 con.-

183 1963 313 2042 l'ultum
329 1964 522 2056 volumus,
552 1963 680 2036 talibus
703 1964 918 2040 ordinamus
979 1963 1051 2049 Cur
1072 1985 1151 2038 non
1174 1989 1245 2042 ma·

184 2067 236 2160 gis
272 2063 316 2136 dc
348 2061 478 2138 divinis
512 2075 618 2154 atque
649 2061 847 2136 coelestibus
879 2061 1079 2156 posteritati
1113 2065 1246 2140 nostra

183 2159 389 2260 prospicere
433 2161 657 2256 debeamus,
707 2164 740 2236 ἃ
775 2163 960 2259 legatum
973 2165 1245 2255 quodammodo

183 2264 402 2360 praelegare,
442 2261 784 2338 admonitionem&
816 2261 1157 2338 demonstrationem
1187 2290 1246 2340 eo·

184 2381 291 2454 rum,
329 2382 405 2452 qua
437 2381 482 2434 ex
514 2362 619 2433 bonis
651 2363 938 2455 immortalibus,
979 2361 1025 2434 u
1048 2363 1092 2436 de
1128 2366 1245 2440 hacre-

184 2462 295 2536 ditate
318 2463 490 2537 coelorum
511 2459 758 2554 deputantur?
791 2459 852 2534 'l'u
882 2461 994 2535 modo
1026 2477 1068 2532 ut
1093 2463 1245 2542 solidum

188 2581 316 2654 capere
347 2557 478 2661 poids,
519 2560 592 2632 hoc
626 2583 713 2636 meae
745 2561 997 2634 admonitionis
1030 2557 1112 2634 lidci
1151 2561 1266 2640 com-'³

44 2678 51 2704 ⁸
184 2659 343 2752 millum,
359 2657 460 2732 Deus
478 2661 603 2734 faciat:
631 2682 687 2734 cui
679 2662 744 2738 sit
760 2661 900 2750 honor
926 2661 1063 2755 gloria,
1086 2664 1245 2760 claritas,

185 2757 359 2855 dignitas,
395 2758 578 2874 potestas,
614 2781 712 2834 nunc
745 2759 820 2834 dt
810 2781 847 2833 in
879 2757 995 2834 secula
1026 2759 1247 2860 seculorum,

184 2855 315 2936 Amen
348 2857 544 2952 Praec1p10
534 2861 641 2956 igitur
657 2860 723 2932 tibi
737 2873 869 2958 quanta
882 2861 1246 2958 continentiapotes,

183 2953 266 3054 post
282 2957 456 3038 excelsum
476 2959 634 3032 nostrum
657 2959 845 3032 renuncies
868 2959 1020 3052 nuptiis:
1047 2959 1137 3034 nihil
1160 2967 1246 3038 mihi

184 3058 251 3134 isto
271 3059 417 3132 nomine
436 3060 632 3150 collatura,
659 3060 720 3132 nisi
739 3059 837 3150 quod
855 3059 920 3132 tibi
940 3057 1115 3151 proderis.
1174 3064 1248 3138 Cae·

123 3239 127 3248 ,
184 3175 301 3232 terum
335 3157 539 3231 Christianis
580 3157 699 3230 seculo
739 3160 795 3230 dio
775 3157 889 3254 brcffis
927 3158 1024 3230 nulla
1062 3159 1247 3271 restitutio

183 3261 388 3352 nuptiarum
427 3260 463 3330 in
505 3257 597 3331 diem
640 3255 904 3330 resurrectionis
950 3241 1247 3359 repromittitur,

183 3359 361 3432 translatis
398 3355 573 3430 scilicet'
564 3379 599 3430 1n
632 3357 824 3451 angelicam
863 3357 1067 3448 qualitatem
1104 3359 1139 3432 dt
1177 3363 1249 3438 san·

184 3457 368 3552 ditarem:
408 3455 560 3570 proinde
594 3454 798 3529 sollicitudo
832 3459 944 3559 milla,
984 3477 1060 3548 quac
1093 3459 1142 3534 de
1174 3483 1250 3535 car·

182 3559 237 3630 nis
252 3557 354 3650 zelo,
380 3557 467 3629 vel
457 3575 494 3627 in
512 3553 720 3630 sententiam
737 3550 841 3629 illam
851 3578 954 3648 quam
972 3553 1108 3649 septem
1129 3561 1250 3636 fratri·

182 3657 248 3732 bus
266 3679 329 3750 per
349 3655 597 3728 successionem
615 3657 748 3748 nuptiis
771 3659 974 3730 evolvere:
990 3659 1173 3734 neminem
1191 3675 1250 3738 tot

181 3759 268 3831 mari
273 3771 403 3928 torumf
408 3754 671 3828 resurrctlionis
691 3755 747 3829 die
765 3753 948 3848 offendet,
974 3777 1041 3828 nec
1058 3760 1250 3854 quisquam

183 3853 277 3932 illam
312 3853 423 3932 consu
401 3853 522 3930 usurus
556 3853 731 3997 expediat,
782 3851 940 3964 Quaestio
974 3853 1041 3934 Sed
1000 3855 1251 4040 adducepsppm

1097 3979 1141 4036 ce
