2540 4334
17 241 22 250 ‚
145 165 234 288 ¹³82·
318 169 1085 302 Q.Srrr.FtonTrinrutr'1nnr

162 352 280 458 'nique
292 363 485 441 interemit
538 361 628 438 Cum
644 379 731 459 ergo
743 381 812 436 nec
829 361 998 436 occidere
1011 361 1158 456 poudt,
1174 357 1241 440 nit

160 467 303 564 iratus:
318 455 406 554 *nec
426 461 547 556 irasci,
570 465 633 538 nifi
655 463 868 556 impatiens,
893 461 1113 534 demonstrat
1136 461 1241 552 quod

161 554 238 674 ‘per
253 567 340 638 uam
354 563 451 660 gellit
466 565 509 638 ad
526 579 602 638 eam
615 563 862 656 referendum,
890 584 910 634 a
928 583 997 652 qua
1013 563 1065 634 ira
1079 559 1241 658 suggesta

173 665 235 740 est.
286 663 374 738 Hac
395 663 537 756 quidem
554 663 782 756 impatientia
797 672 885 736 tunc
904 659 1050 734 infantis
1066 661 1241 753 quodam·

166 755 285 842 'modo
300 765 525 840 incunabula.
560 757 730 836 Ceterum
744 775 876 854 quanta
888 776 976 834 mox
989 761 1241 836 incrementa?

162 857 242 940 ‘nec
265 865 403 940 mirum.
452 859 548 936 Nam
563 861 718 958 fitprima
735 861 899 953 deliquit:
927 859 1149 960 consequens
1173 861 1239 958 est,

162 952 214 1062 ιἰιι
232 961 313 1056 quia
328 964 462 1058 prima,
488 963 624 1036 idcirco
645 959 770 1034 &sola
786 959 827 1034 sit
843 961 1025 1061 matrix<in
1047 981 1157 1034 omne
1181 963 1240 1038 de·
1260 967 1261 996 ³

164 1062 316 1156 litium,
343 1061 539 1138 defundens
561 1059 687 1136 deluo
710 1059 815 1136 fonte
833 1063 949 1134 varias
971 1061 1160 1134 criminum
1177 1084 1241 1138 ve

127 1225 131 1234 Δ
161 1161 245 1240 ‘aas
298 1161 358 1238 De
374 1161 571 1238 homicidio
587 1163 728 1254 quidem
745 1162 875 1236 ditium
892 1159 952 1235 ell.
1004 1159 1075 1233 Sed
1094 1161 1150 1234 ira
1165 1163 1240 1236 edi·
1260 1243 1261 1262 χ

165 1277 248 1337 tum
264 1261 515 1354 aprimordio,
535 1263 642 1336 etiam
656 1283 884 1354 quascunque
898 1259 1127 1354 postmodum
1141 1261 1239 1337 caus·
1260 1267 1261 1310 ³

169 1361 222 1438 sas
247 1362 309 1434 sibi
328 1361 492 1456 invenit,
520 1362 562 1436 ad
581 1361 837 1455 impatientiam
860 1373 903 1434 ut
924 1361 967 1433 ad
988 1361 1170 1458 originem
1192 1362 1238 1438 sui
1260 1439 1261 1456 ,

39 1536 51 1548 ,,
164 1459 330 1556 confert.
380 1459 467 1534 Sive
484 1461 577 1536 enim
593 1463 671 1554 quis
687 1461 901 1553 inimicitiis,
927 1461 1002 1534 five
1016 1461 1143 1554 praedae
1161 1477 1237 1559 gra·

170 1561 222 1636 tia
239 1559 276 1634 id
295 1559 406 1634 scelus
429 1557 603 1658 conficit,
631 1561 727 1658 prius
746 1561 796 1648 est
815 1575 856 1635 ut
872 1575 933 1632 aut
949 1561 1044 1656 odii,
1071 1577 1134 1633 aut
1155 1585 1236 1636 ava·
1258 1557 1261 1598 ¹¹

71 1743 74 1755 ¹
169 1661 260 1734 ritiae
279 1657 343 1735 liat
359 1661 556 1754 impatiens.
609 1661 788 1764 Quicquid
810 1659 1014 1756 compellit,
1031 1661 1112 1736 'stne
1126 1661 1237 1757 impa·

169 1761 297 1848 tientia
312 1757 361 1833 sui
377 1781 453 1832 non
475 1762 524 1836 est
539 1771 581 1832 ut
594 1759 719 1854 perfici
735 1763 850 1853 pollit.
903 1762 995 1934 (ἐιιίε
1020 1760 1237 1840 adulterium
1260 1771 1261 1818 l

162 1858 242 1940 ,stne
264 1859 418 1946 libidinis
435 1859 656 1952 impatientia
675 1858 804 1934 subiit?
832 1864 919 1959 Quo
962 1860 1183 1954 &fipretio
1203 1865 1237 1938 in
1260 1889 1261 1902 ³

168 1958 310 2034 feminis
335 1958 478 2056 cogitur
501 1960 664 2031 venditio
682 1961 741 2032 illa
760 1960 961 2054 pudicitiae,
986 1955 1111 2052 utique
1127 1964 1237 2061 impe·
1259 1917 1261 2024 i

168 2059 297 2132 tientia
315 2059 567 2132 contemnendi
588 2062 676 2132 lucri
695 2059 892 2136 ordinatur.
943 2059 1031 2134 Haec
1046 2075 1088 2131 ut
1102 2063 1236 2162 princi·

167 2160 263 2254 palia
285 2177 396 2251 penes
420 2158 603 2232 dominum
629 2157 765 2234 delidta.
823 2157 919 2234 Nam
943 2175 986 2232 ut
1013 2163 1235 2254 compendio

169 2257 301 2334 diuum
311 2258 364 2346 stt,
376 2277 489 2333 omne
502 2273 690 2351 peccatum
708 2259 937 2354 impatientia
952 2259 1234 2340 adscribendum.

87 2383 114 2456 s
158 2357 309 2432 ¹Malum
328 2357 549 2450 impatientia
567 2356 617 2432 est
636 2359 736 2434 boni.
786 2355 909 2433 Nemo
933 2359 1135 2453 impudicus
1160 2385 1235 2438 non

166 2457 355 2551 impatiens
380 2458 583 2552 pudicitia,
617 2458 857 2551 &improbus
877 2461 1090 2554 probitatis,
1121 2463 1159 2534 &
1176 2465 1234 2540 im·

166 2559 248 2654 pius
265 2557 430 2650 pietatis,
462 2559 494 2630 dt
520 2559 699 2648 inquietus
726 2561 865 2650 quietis.
917 2559 972 2634 Ut
990 2563 1103 2634 malus
1125 2583 1234 2638 unus·

168 2659 318 2751 quisquc
337 2653 421 2748 fiat,
449 2657 566 2730 bonus
587 2660 817 2751 perseverare
836 2679 912 2732 non
930 2661 1078 2752 poterit.
1134 2659 1234 2738 Talia

165 2755 276 2852 igitur
297 2770 442 2829 excetra
463 2756 696 2850 deliciorum,
724 2781 788 2831 cur
810 2781 886 2832 non
905 2759 1090 2834 dominum
1114 2761 1235 2840 offen·

164 2857 229 2946 dat
244 2857 526 2949 improbatorem
548 2857 749 2932 malorum?
775 2858 833 2932 An
853 2881 929 2931 non
949 2859 1060 2952 ipsum
1082 2883 1233 2958 quoque

165 2955 272 3031 lsrael
298 2977 364 3048 per
390 2955 810 3059 impatientiamsemper
836 2961 874 3030 in
900 2957 1020 3032 Deum
1047 2957 1233 3055 deliquillc

164 3054 388 3131 manifestum
408 3053 485 3128 esti
518 3055 646 3130 exinde
661 3079 741 3132 cum
759 3061 894 3132 oblitus
907 3059 1042 3132 brachii
1063 3063 1231 3158 coelestis,
1255 3112 1260 3133 .

167 3177 240 3246 quo
264 3151 456 3250 Aegyptiis
484 3155 767 3232 afflictationibus
792 3157 911 3232 fuerat
938 3157 1151 3256 extradus,
1190 3142 1261 3238 de'

164 3251 293 3326 Aaron
312 3255 375 3328 sibi
392 3253 494 3328 Deos
514 3256 621 3329 duces
636 3257 814 3352 postulat,
842 3279 924 3334 cum
943 3260 980 3330 in
996 3259 1139 3333 idolum
1160 3263 1234 3336 ariri
1256 3236 1260 3337 l

164 3349 216 3427 sui
233 3355 447 3428 collationes
466 3353 646 3428 defundit:
664 3371 734 3430 tam
752 3355 961 3432 necellarias
980 3359 1073 3432 enim
1087 3359 1234 3457 Moy-lis
1257 3417 1261 3444 ,

164 3468 246 3525 cum
259 3455 406 3548 domino
424 3455 687 3552 congredientis
702 3457 930 3552 impatienter
944 3475 1143 3553 exceperat
1157 3483 1236 3538 mo
1258 3449 1261 3552 l

161 3572 230 3626 ras.
266 3550 350 3624 Post
362 3575 498 3627 mannas
512 3551 688 3630 escatilem
705 3558 883 3653 pluviam,
899 3555 980 3654 post
994 3573 1106 3651 petre
1127 3557 1236 3658 aqu-22
1257 3563 1261 3630 l

160 3649 263 3744 tilam
277 3649 452 3742 sequelam
471 3653 657 3750 desperant
670 3657 714 3730 de
729 3657 899 3752 domino,
925 3659 1032 3731 tridui
1045 3659 1142 3736 sitim
1155 3679 1237 3740 non
1258 3645 1261 3780 l

106 3763 131 3835 χ
160 3747 376 3826 sustinendo.
425 3752 521 3830 Nam
541 3755 617 3830 haec
634 3777 780 3850 quoque
796 3761 863 3832 illis
882 3757 1105 3851 impatientia
1126 3783 1148 3836 a
1169 3765 1237 3847 do,-

159 3851 260 3950 tpino
273 3852 525 3962 etprobrauu.
575 3851 634 3970 Ac
647 3876 695 3934 ne
710 3857 1119 3986 singulap‘eruagemur,
1138 3881 1237 3941 nuti·
1257 3915 1261 3980 l
