2572 4336
79 169 87 184 ’
184 189 254 272 ‚62v
340 187 1113 298 Q.Ssrr.,Ftos.Trnrunurntr
1193 183 1197 199 '

185 373 331 430 ‚norrun
348 349 556 446 compensas
575 353 735 430 delenda
796 351 975 430 ‘Caeterum
990 351 1158 428 secularis
1175 371 1267 430 coo·

70 527 77 536 .
202 453 447 548 cupiscentia,
482 451 612 527 caussas
635 454 770 546 habet,
803 455 977 551 gloriam,
1011 455 1265 550 cupiditatem,

160 642 164 653 ¹
202 556 464 644 ambitionem,
510 551 817 645 insufficientiam,
854 575 919 646 per
957 575 1043 646 quas
1080 553 1266 628 neceffita·

201 673 277 740 tem
303 653 463 730 nubendi
499 651 692 726 subornat:
735 653 908 726 videlicet
945 654 1097 727 celestia
1134 673 1265 748 repro·

200 761 370 840 mittens,
398 750 572 826 dominari
594 753 634 824 in·
657 752 770 828 aliena
795 753 944 845 familia,
970 756 1008 829 in
1033 755 1156 830 alienis
1186 753 1262 846 opi·

200 860 268 935 bus
307 853 542 944 incumbere,
593 853 727 926 cultum
768 853 812 924 de
850 855 967 926 alieno
1009 869 1263 948 extorquere,

201 957 374 1048 sumptu,
420 972 523 1041 quern
562 971 639 1024 non
672 949 800 1024 sentias
831 953 960 1026 cedere
989 954 1027 1026 in
1059 966 1107 1027 te.
1175 953 1264 1028 Haec

200 1057 332 1154 procul
361 1075 382 1124 a
409 1047 611 1144 fidelibus,
651 1053 776 1152 quibus
809 1053 906 1126 nulla
943 1073 1028 1128 cura
1064 1053 1263 1126 toleranda

76 1149 79 1162 '
201 1159 314 1245 vita,
343 1151 407 1226 nisi
424 1150 450 1246 fi
469 1149 653 1226 diffidimus
674 1151 717 1224 de
740 1149 908 1244 promissis
922 1151 1013 1246 Dei,
1040 1151 1077 1227 tt
1093 1175 1207 1245 cura,
1233 1154 1262 1228 dr

201 1253 455 1353 prouidentia:
491 1252 551 1340 qui
573 1251 646 1324 lilia
667 1251 813 1348 agrestia
840 1251 978 1346 vestit,
1012 1253 1071 1344 qui
1098 1254 1262 1330 volatilis

203 1357 281 1430 coeli
307 1353 408 1426 nullo
433 1346 587 1440 ipsorum
611 1351 736 1424 labore
761 1351 900 1446 pascit,
938 1351 997 1443 qui
1018 1353 1196 1444 prohibet
1221 1354 1260 1428 de

202 1453 357 1536 crastino
379 1447 707 1542 visluquecururi3
738 1449 940 1542 spondens,
973 1449 1060 1524 scire
1086 1451 1141 1544 se,
1179 1455 1261 1546 quid

204 1557 332 1644 cuique
346 1549 531 1624 servorum
547 1546 689 1624 suorum
706 1571 797 1644 opus
815 1550 866 1626 srt
916 1549 1007 1624 Non
1022 1551 1167 1644 quidem
1180 1575 1260 1628 ruo

200 1655 326 1734 uilium
345 1648 532 1744 pondera,
565 1671 641 1722 non
666 1649 817 1724 vestium
837 1649 968 1745 tedia,
1001 1671 1078 1724 non
1100 1651 1258 1728 Gallicos

146 1785 148 1788 ·
202 1755 349 1845 vultus,
372 1771 439 1838 nec
454 1747 687 1824 Germanicos
702 1749 862 1843 bajulos,
877 1771 954 1842 quae
968 1751 1172 1843 nuptiarum
1190 1757 1260 1850 glu-

78 1865 93 1928 2
201 1857 288 1934 tiam
313 1849 531 1923 accendunt:
558 1846 616 1922 sed
638 1845 900 1942 sufficientiam,
933 1872 1010 1942 quae
1027 1852 1260 1926 modestiaet

202 1951 383 2048 pudicitie
405 1960 486 2038 apta
503 1945 564 2020 est.
613 1945 784 2022 Praesume
803 1969 873 2020 oro
892 1963 950 2042 te,
976 1950 1063 2022 nihil
1080 1952 1148 2026 tibi
1171 1975 1259 2047 opus

142 2055 143 2058 ’
204 2053 275 2142 est,
300 2049 325 2122 sr
349 2046 497 2120 domino
522 2066 709 2138 appareas:
741 2047 815 2120 imo
836 2051 957 2122 omnia
977 2051 1133 2144 habere,
1161 2051 1260 2128 srhs

147 2171 151 2178 ·
204 2153 289 2230 beas
320 2149 523 2222 dominum:
559 2145 658 2236 cujus
686 2148 810 2220 omnia
833 2149 985 2222 coelestia
1012 2154 1262 2248 receptae

203 2265 347 2324 terrena
371 2243 550 2337 despicies.
610 2243 712 2320 Nihil
738 2247 905 2332 viduitati
933 2250 1026 2342 apud
1051 2249 1180 2326 Deum
1194 2251 1260 2330 sub·

144 2432 146 2440 ,
204 2351 344 2449 signate
359 2341 587 2420 necessarium
604 2342 676 2438 est,
707 2367 810 2436 quarn
825 2347 1065 2440 perseverare.

143 2451 147 2466 '
203 2513 207 2523 ,
281 2467 315 2539 5.
346 2445 530 2537 Adjiciunt
553 2445 693 2535 quidem
715 2447 776 2519 libi
798 2447 960 2522 homines
979 2447 1109 2521 caussas
1128 2455 1260 2545 nuptia·

202 2571 281 2626 rum
303 2547 347 2626 de
368 2543 604 2618 sollicitudine
626 2543 870 2639 posteritatis,
903 2548 1160 2624 &liberorum
1182 2575 1260 2631 ama·

202 2648 328 2725 riffima
345 2646 545 2738 voluptate.
597 2643 668 2716 Sed
682 2645 720 2716 id
738 2666 882 2736 quoque
897 2669 1008 2739 penes
1019 2671 1086 2720 nos
1103 2651 1259 2729 odiosam

203 2749 266 2824 est.
319 2745 414 2821 Nam
439 2744 523 2835 quid
545 2743 728 2838 gestiamus
748 2746 881 2820 liberos
898 2767 1047 2840 gerere,
1075 2771 1172 2838 quos
1190 2773 1259 2832 cue

123 2883 129 2890 ·
203 2849 399 2938 habemus,
426 2845 641 2940 praemittere
660 2859 848 2937 optamus,
875 2845 1033 2938 respettu
1051 2847 1195 2924 scilicet
1212 2855 1259 2926 im

203 2945 415 3024 minantium
431 2941 683 3037 angustiarum,
709 2945 829 3037 cupidi
845 2945 879 3018 dt
894 2945 956 3038 ipss
970 2947 1188 3037 iniquissimo
1204 2951 1259 3025 illo

204 3047 326 3124 seculo
344 3044 499 3120 eximi&
517 3043 628 3136 recipi
648 3045 691 3116 sd
707 3045 912 3135 dominum,
930 3046 1156 3136 quodetiam
1169 3049 1259 3145 Apo

93 3195 95 3200 -
187 3149 300 3224 .stolo
316 3163 444 3220 votum
468 3143 547 3218 suit.
597 3143 776 3218 Nimirum
794 3143 984 3224 necessaria
1000 3143 1149 3223 soboles
1162 3150 1259 3224 servo

203 3247 289 3322 Dei.
340 3244 431 3318 Satis
451 3245 544 3318 enim
564 3241 689 3316 desunt
703 3243 841 3318 nostra:
864 3241 976 3318 securi
995 3243 1111 3322 sumus
1127 3261 1171 3322 ut
1186 3253 1259 3327 libs

204 3349 255 3420 ris
269 3365 457 3420 vacemus:
482 3343 670 3433 querenda
684 3344 789 3416 nobis
807 3365 918 3418 onera
934 3343 1014 3418 sunt
1035 3367 1114 3436 quae
1129 3351 1261 3426 etiamr

204 3447 391 3544 gentilium
412 3443 605 3540 prophanis
622 3443 803 3534 vitantur,
830 3464 906 3535 que
925 3445 1061 3539 legibus
1081 3449 1260 3540 cotenon,

204 3565 283 3638 quas
305 3544 498 3638 parricidiis
521 3558 783 3637 expugnantur.
849 3541 969 3619 Nobis
994 3543 1141 3635 quidem
1163 3549 1262 3641 pluri·

199 3665 304 3722 snum
325 3645 563 3736 importuna,
600 3657 772 3734 quantum
799 3639 883 3716 fidei
908 3645 1118 3736 periculosa
1198 3647 1261 3724 Cur

170 3744 302 3844 fenim
323 3744 486 3818 dominus
512 3766 562 3812 ua
583 3743 821 3837 pregnantibus
845 3743 884 3818 (5
906 3749 1155 3814 nutricantibus
1180 3749 1261 3826 ced·

154 3847 158 3859 ·
199 3845 287 3940 ort,
326 3843 391 3922 niti
421 3841 503 3934 sur
529 3837 686 3928 eroum
721 3843 975 3940 iunedmeute
1003 3842 1199 4022 saltatura,l
1232 3848 1261 3938 ‘p

365 4010 377 4024 .
613 3945 628 3972 ⁸
786 3956 793 3962 '
929 3959 935 4011 ἰ
1161 3945 1220 4022 ‘a

1001 4187 1025 4222 χ
