2586 4334
4 163 8 254 l
202 159 960 259 nellaaunnaerroua.eanrrta.
1041 173 1126 278 tts'·

44 337 121 422 erte
143 339 276 434 aliquid
298 339 437 438 origine
457 339 682 436 generosius,
715 338 1017 420 &demutatione
1036 341 1116 418 feli·

43 443 139 518 eius.
192 437 288 514 Nam
309 437 343 514 dt
361 460 485 516 aurum
505 457 621 533 terra,
650 441 731 532 quia
745 439 788 514 de
801 454 917 531 terra,
943 439 1127 516 haddenuo
1237 437 1241 445 ’

46 529 297 616 tamen'terra
359 538 415 614 Ex
441 561 514 631 quo
540 560 690 632 aurum,
726 540 835 635 longe
861 539 927 612 alia
951 541 1113 638 materia,

43 640 268 738 splendidior
284 653 390 732 atque
403 639 561 724 nobilior
576 640 621 714 de
634 637 855 712 obsoletiore
872 635 1032 714 matrice.
1058 639 1113 721 ltu

46 738 181 815 &Deo
197 741 297 814 licuit
312 741 424 813 curnis
441 757 564 815 aurum
578 739 623 812 de
637 735 734 832 limi,
755 739 882 831 quibus
896 749 1021 834 putas,
1039 735 1114 816 sor·
1269 733 1271 741 '

46 841 156 916 dibus
174 837 343 914 excusato
365 833 472 912 censu
491 835 665 930 eliquasse.
751 877 753 885 ·

124 962 161 1033 7.
194 937 264 1012 Sed
286 937 433 1012 dilutior
456 937 619 1012 videatur
642 937 820 1014 autoritas
846 939 992 1034 carme,
1029 937 1115 1033 quia
1268 945 1275 960 “

43 1059 125 1115 non
154 1037 188 1112 &
209 1036 315 1134 ipsam
336 1039 483 1131 proprie
502 1059 624 1116 manus
645 1036 768 1112 divina
788 1035 976 1132 uallauit,
1008 1037 1113 1116 steuti
1253 1113 1262 1148 Ι

43 1140 184 1214 limum.
236 1137 393 1238 Quando
407 1139 444 1210 in
458 1138 532 1212 hoc
549 1135 715 1212 uastauit
731 1137 872 1230 limum,
899 1135 1112 1232 &postmo
1252 1168 1257 1222 :

44 1237 134 1314 dum
163 1257 248 1311 caro
276 1233 380 1310 fieret
406 1259 451 1315 ex
476 1239 591 1328 limo,
626 1237 741 1312 caruit
772 1237 897 1330 utique
923 1238 1112 1334 negotium

42 1337 157 1437 geffit.
208 1335 278 1408 Sed
294 1337 407 1409 adhuc
425 1337 534 1414 velim
551 1335 682 1431 discas,
709 1336 851 1432 quando
871 1335 1109 1429 &quomodo
1254 1325 1263 1344 ‘

43 1455 136 1512 caro
154 1435 319 1510 floruerit
338 1457 382 1508 ex
399 1435 497 1512 limo.
547 1432 678 1530 Neque
692 1436 809 1528 enim,
826 1447 868 1508 ut
884 1435 1026 1528 quidam
1041 1455 1111 1508 vo·

5 1611 9 1620 ,
43 1538 153 1626 lunt,
188 1534 253 1613 illa
270 1533 427 1630 pelliceae
447 1536 599 1630 tunica,
624 1557 710 1634 quas
729 1535 844 1610 lldam
865 1529 997 1607 &Eua
1009 1553 1109 1628 para-

44 1635 160 1712 disum
180 1633 508 1730 exuli'induerunt,
530 1635 609 1732 ipsae
627 1649 733 1710 erunt
751 1629 871 1708 carnia
886 1655 932 1708 ex
948 1635 1037 1708 limo
1055 1653 1111 1708 re·

44 1735 252 1828 formatio,
285 1757 366 1809 cum
390 1737 573 1828 aliquanto
597 1737 694 1830 prius
715 1733 750 1807 dt
769 1731 885 1808 Adam
913 1729 1110 1808 substantia
1231 1791 1240 1800 .

44 1833 116 1914 sure
136 1835 318 1910 traducem
334 1835 371 1906 in
386 1833 525 1910 femina
535 1833 606 1929 jam
619 1853 725 1910 carue
739 1831 1017 1935 recognoverit:
1043 1835 1122 1905 lle,
1152 1859 1176 1912 ·,
1209 1857 1211 1864 ·

43 1961 137 2010 nunc
155 1944 187 2006 ol
202 1961 239 2028 ex
253 1931 363 2026 efflbue
382 1941 476 2026 mels,
502 1935 541 2012 U
554 1961 622 2006 caro
636 1961 675 2004 rx
686 1957 780 2033 turne
796 1953 877 2006 meur
901 1929 951 2004 Et
963 1927 1036 2030 ipsa
1050 1931 1112 2006 de·

44 2035 177 2112 libatio
200 2031 341 2110 masculi
363 2033 402 2110 in
419 2033 586 2108 feminam
610 2051 718 2108 carne
742 2029 901 2127 suppleta
924 2031 988 2124 lit,
1020 2031 1110 2106 limo

45 2139 186 2232 opinor
205 2131 419 2230 supplenda:
443 2130 468 2210 fr
490 2131 604 2212 Adam
625 2133 743 2208 adhuc
762 2132 877 2210 limus.
930 2131 1112 2206 oblitera-

45 2247 107 2310 tus
135 2235 240 2330 igitur
262 2232 296 2308 dt
318 2231 513 2308 devoratus
532 2233 583 2308 ell
602 2235 704 2308 limus
725 2232 762 2306 in
781 2249 935 2332 carnem.
986 2233 1111 2330 Quan-
1148 2295 1158 2310 .

45 2333 126 2410 dot
154 2355 234 2407 curn
248 2332 359 2407 fatuis
379 2331 429 2406 est
444 2333 556 2419 homo
574 2336 610 2406 in
631 2327 947 2420 animamluivam,
974 2329 1018 2403 de
1034 2327 1108 2406 Del

4 2493 5 2496 t
45 2433 159 2526 flatu,
185 2453 325 2525 vapore
345 2431 494 2506 scilicet:
528 2432 666 2506 idoneo
681 2443 822 2504 torrere
840 2427 1110 2520 quodammodo
1170 2448 1180 2475 f

4 2621 5 2624 p
42 2535 171 2612 limum
189 2531 225 2605 in
243 2533 343 2606 aliam
360 2524 578 2624 qualitatem,
595 2531 687 2624 quast
701 2529 740 2604 in
754 2525 890 2620 testam,
911 2528 961 2600 ita
976 2525 1014 2600 in
1033 2537 1110 2601 car·

4 2637 5 2720 l
42 2655 142 2711 nem.
195 2629 253 2706 Sic
273 2627 434 2730 &figulo
452 2629 541 2706 licet
557 2631 711 2728 argillam
726 2626 1032 2726 temperatoignis
1050 2625 1110 2716 ad·
1174 2715 1187 2724 „

4 2727 5 2734 ‘
43 2729 136 2808 flatu
155 2734 193 2806 in
214 2731 395 2806 materiam
414 2729 653 2808 robustiorem
672 2747 933 2824 recorporare,
959 2723 1109 2802 &aliam

4 2885 5 2888 κ
46 2833 184 2908 exalia
208 2829 378 2926 stringere
400 2827 574 2924 speciem,
607 2831 782 2924 aptiorem
805 2826 974 2922 pristina,
1009 2821 1111 2902 usui

42 2933 117 3028 jam
133 2931 274 3028 generis
292 2951 332 3004 ac
344 2931 515 3008 nominis.
566 2927 661 3006 Nam
678 2929 739 3004 etsr
752 2927 919 3020 scriptum
936 2925 1004 3018 est,
1024 2945 1111 2996 um·

4 3109 6 3118 ,
44 3033 125 3208 fuid
142 3033 252 3126 argilla
269 3031 349 3102 dicer
357 3033 470 3124 figula,
496 3029 532 3104 id
547 3027 598 3104 est
612 3030 725 3114 homo
743 3027 848 3102 Deo:
873 3025 935 3100 etsl
949 3021 1110 3198 Αξοῆο·

61 3155 102 3206 ue
128 3133 166 3208 ln
187 3129 349 3204 testaceis
369 3126 606 3222 aituasculis,
640 3143 760 3202 tumen
782 3125 816 3200 u
837 3125 956 3222 argilla
1004 3141 1109 3216 omo,

47 3233 132 3326 quia
152 3233 255 3306 limus
279 3243 382 3321 ante,
408 3229 445 3309 A&
464 3227 553 3304 testa
571 3249 679 3320 cmo,
705 3227 786 3321 quia
801 3245 846 3300 ert
862 3225 949 3300 limo
965 3241 1029 3317 per
1049 3221 1110 3294 ad.

46 3331 153 3408 flatus
176 3331 288 3409 divini
307 3349 500 3424 vaporem,
527 3349 630 3422 quam
648 3326 771 3426 postea
786 3325 944 3424 pelliceae
962 3323 1107 3416 tunicae,

46 3431 84 3508 id
106 3429 160 3506 ell
176 3441 286 3504 ,cutes
311 3427 545 3524 superdudlar,
579 3425 787 3506 vestierunt.
846 3421 972 3518 thue
997 3419 1107 3514 adeo,

46 3529 283 3611 fldetraxeris
298 3543 437 3623 cutem,
451 3529 643 3604 nudaveris
658 3545 812 3604 carnem.
861 3523 917 3626 lta
932 3520 1108 3615 quodlro·

4 3659 5 3674 Ν
48 3629 106 3708 die
129 3626 281 3725 spolium
308 3627 483 3722 efficitur,
512 3625 787 3706 fidetralratur:
819 3621 893 3698 hoc
915 3620 985 3697 luit
1006 3617 1109 3694 indu.

46 3749 230 3820 mentum,
259 3749 339 3804 cum
360 3727 673 3826 superllruebattu.
730 3725 828 3800 Hinc
852 3721 886 3796 dt
908 3718 1108 3814 Apostolus
1222 3783 1224 3786 ,

48 3827 376 3932 circumcidunem,
392 3827 688 4010 despoliafflnem
705 3823 820 3907 caruit
838 3822 1111 3937 appellans,tu·
1263 3863 1266 3870 ·

627 3949 656 4030 4
940 3939 1060 4006 meam

4 4137 6 4230 l

4 4253 7 4311 l
