2638 4342
116 227 118 233 ’
192 244 267 316 660
333 241 381 338 Q.
408 235 542 328 Saea.
570 233 713 312 Fron.
739 233 1106 314 Tarruaaraur

84 432 86 446 ¹
194 401 312 478 batur.
363 397 478 490 Nam,
505 399 616 492 quiin
634 400 728 472 illam
745 412 832 472 tunc
851 397 1077 492 respiciebat,
1104 395 1260 490 amorspt

193 499 410 592 serpentium
428 499 653 574 liberabatur.
706 497 787 593 Age
811 519 929 592 nunc,
959 499 1118 596 srleglsti
1140 519 1258 592 penes

193 601 409 696 prophetam
426 600 462 670 in
480 595 637 692 psalmia,
669 603 828 668 Dominus
852 605 1002 691 regnavit
1022 627 1041 670 a
1062 599 1166 694 ligram
1192 619 1258 673 ex·

192 699 299 796 pecto
320 697 404 790 quid
421 699 617 793 intelligas,
643 719 689 772 ue
710 697 808 771 sorte
823 697 1008 793 lignarium
1028 699 1178 792 aliquem
1198 717 1258 772 re-

193 821 276 898 gem
292 794 473 894 significari
492 797 647 890 putetis,
675 799 800 870 &non
821 797 1017 888 Christum,
1045 801 1103 890 qui
1123 797 1258 872 exinde

122 945 126 974 .
195 899 386 992 apellione
408 895 522 969 drocis
546 892 707 991 superata
728 911 847 970 morte
863 897 1039 994 regnavit.
1097 897 1256 973 Proinde

155 1051 162 1076 ,
194 997 382 1072 &Esaiam
415 1000 576 1090 Quoniam
595 1018 698 1094 puer,
725 999 865 1087 inquit,
892 1015 990 1085 notus
1014 995 1053 1094 esi
1079 1000 1187 1082 nobas,
1213 997 1256 1072 θ’

194 1104 289 1170 dorus
303 1097 342 1194 esi
356 1099 563 1188 nelufilius„
611 1095 708 1196 Quid
722 1117 883 1188 novum,
901 1097 1015 1170 sinon
1030 1097 1074 1169 de
1089 1093 1165 1170 filio
1180 1096 1256 1171 Dei
1292 1177 1294 1184 ‚

121 1204 127 1232 '
167 1195 284 1287 ⁴dicit
306 1195 340 1269 dt
362 1213 466 1269 nactas
489 1195 540 1270 est
560 1197 690 1287 nobis,
724 1197 823 1288 cujus
845 1197 1026 1288 imperium
1047 1197 1184 1270 initium
1205 1197 1257 1270 fa·

195 1295 293 1370 itum
306 1293 357 1370 est
372 1295 473 1390 super
489 1299 672 1374 humerum
687 1293 817 1387 ipsrus‘l
846 1297 935 1396 Quis
951 1297 1099 1368 omnino
1114 1317 1256 1392 regum,

194 1397 329 1492 insigne
354 1393 540 1487 potestatis
567 1393 633 1468 suae
656 1397 806 1470 htunero
833 1395 996 1486 praefert,
1030 1395 1063 1468 &
1089 1417 1166 1468 non
1191 1409 1256 1468 aut

196 1497 314 1589 capite
336 1495 522 1586 diadema,
556 1508 618 1568 aut
637 1495 673 1566 in
692 1515 798 1568 manu
820 1491 1021 1588 sceptrum,
1055 1509 1117 1566 aut
1137 1495 1256 1586 aliqua

194 1595 419 1692 proprietate
441 1593 521 1668 usus
542 1592 667 1668 nova?
699 1589 755 1666 sed
777 1591 871 1666 solus
891 1615 1011 1666 novus
1033 1614 1096 1666 rex
1119 1595 1257 1668 seculo·

119 1773 122 1797 Ι
193 1717 296 1786 rum,
327 1691 483 1768 Christus
499 1691 595 1787 Jesus
618 1715 753 1766 novam
771 1695 921 1790 gloriam
938 1694 971 1766 dc
987 1693 1202 1787 potestatem
1219 1693 1256 1768 dt

69 1835 70 1846 κ
194 1791 445 1869 sublimitatem
468 1791 561 1868 suam
585 1793 621 1866 in
642 1795 791 1866 humero
816 1794 966 1886 extulit,
1000 1814 1141 1868 crucem
1165 1791 1258 1884 scili·

196 1909 277 1986 cet,
303 1908 345 1966 ut
365 1892 554 1971 secundum
576 1895 731 1985 priorem
755 1892 979 1986 prophetiam
996 1893 1125 1966 exinde
1142 1891 1257 1968 domi-

194 2015 263 2067 nus
281 2009 447 2087 regnaret
462 2015 480 2062 a
494 1994 603 2086 liguo
648 1993 706 2064 De
725 1993 797 2064 hoc
811 1993 904 2064 enim
918 1994 1016 2088 ligno
1030 1993 1136 2066 etiam
1152 1993 1255 2067 Deus

148 2122 152 2132 ¹
194 2093 348 2166 insanuat
368 2111 432 2186 per
454 2089 668 2164 Hieremiam
693 2091 791 2182 quod
813 2089 927 2166 elletis
949 2090 1093 2166 diduri:
1123 2095 1255 2182 lsanire,

194 2197 361 2264 mittamus
375 2197 531 2288 inponam
545 2196 611 2288 ejus
622 2192 766 2284 lignum,
792 2193 830 2266 di
847 2213 1038 2262 conteramus
1053 2215 1121 2261 eum
1133 2220 1153 2262 a
1166 2209 1257 2265 terra
1307 2247 1308 2250 ,

195 2297 365 2375 uiuorum,
386 2294 424 2366 U
439 2317 552 2362 nomen
567 2289 733 2360 aliusnon
747 2289 965 2362 memorabitur
977 2291 1123 2384 amplius.
1172 2291 1258 2366 Uti-

198 2413 269 2484 que
284 2393 321 2464 in
336 2411 467 2486 corpus
482 2391 556 2484 ejus
571 2391 702 2488 lignum
715 2387 849 2464 millum
865 2389 924 2465 est.
975 2389 1034 2464 Sic
1048 2391 1140 2464 enim
1154 2387 1257 2466 Chri-

196 2492 270 2564 stus
286 2493 491 2583 revelavit,
518 2511 646 2584 panem
662 2511 793 2584 corpus
809 2488 907 2564 suum
925 2491 1127 2584 appellans,
1154 2494 1257 2584 cujus

112 2616 119 2632 ¹
196 2607 300 2662 retro
326 2611 456 2682 corpus
480 2591 514 2660 in
532 2611 659 2682 panem
674 2593 871 2682 prophetes
894 2589 1090 2666 nunciavit
1140 2589 1177 2664 Si
1197 2592 1260 2666 ad·

196 2689 269 2764 huc
287 2709 419 2780 quaeres
437 2687 623 2762 dominicae
640 2690 754 2760 crucis
768 2687 1060 2784 praedicationeS,
1085 2685 1164 2762 satis
1182 2691 1258 2782 iam
1294 2759 1306 2786 ,

197 2791 336 2884 poterit
350 2787 415 2860 tibi
433 2787 552 2860 facere
567 2785 645 2858 XXl
660 2785 829 2880 psalmus,
856 2801 973 2862 totam
993 2787 1120 2864 Christi
1137 2791 1260 2864 conti·

132 2897 141 2906 '
184 2909 288 2970 ,nens
303 2888 512 2981 pallionem,
537 2889 696 2960 canentis
709 2888 780 2980 jam
795 2901 882 2960 tunc
897 2889 1046 2984 gloriam
1059 2886 1174 2982 suam,
1199 2893 1260 2962 Fa·

71 3059 73 3064 ,
198 2995 336 3072 derum,
363 2987 496 3079 inquit,
523 3013 634 3058 manus
655 3013 736 3060 meas
755 2989 793 3062 (5
809 2989 914 3084 pedes:
947 3009 1023 3080 quae
1040 2990 1186 3081 propria
1205 2987 1259 3064 est

199 3091 372 3161 atrocitas
395 3089 521 3162 crucis.
574 3085 623 3158 Et
641 3086 759 3160 rursus
777 3109 857 3160 cum
878 3087 1045 3162 auxilium
1066 3087 1175 3180 patris
1194 3089 1259 3164 im·

189 3189 381 3284 *plorareta
407 3187 540 3258 Salvum
562 3212 608 3256 rue
621 3183 698 3277 foc,
729 3187 863 3280 inquit,
900 3213 937 3258 ex
960 3212 1011 3258 ore
1032 3190 1154 3273 ieonis,
1187 3191 1259 3262 uti·

200 3307 271 3378 que
295 3287 448 3378 mortiS,
488 3285 575 3358 &de
601 3285 743 3356 cornibus
770 3293 1014 3356 unicornuorum
1037 3287 1260 3360 bumilitatem

199 3411 298 3456 meam
362 3387 421 3458 De
435 3387 591 3478 apicibus
608 3379 742 3458 scilicet
765 3389 901 3476 crucis,
924 3399 966 3460 ut
982 3385 1083 3480 supra
1103 3385 1259 3462 ostendi·

200 3505 305 3578 mus,
337 3505 441 3574 quam
461 3505 603 3556 crucem
623 3505 692 3558 nec
708 3483 780 3577 ipse
799 3485 921 3560 David
945 3483 1058 3581 pallus
1077 3485 1152 3580 est,
1184 3509 1260 3579 nec

88 3621 92 3646 .
200 3585 293 3655 ullus
317 3603 438 3678 regum
460 3583 690 3678 Judaeorum3
717 3605 762 3656 ne
782 3587 915 3677 putetis
936 3587 1079 3660 alterius
1100 3589 1260 3681 propha-
1281 3639 1302 3659 ,κ

200 3683 270 3753 tari
289 3683 498 3774 pollionem,
528 3704 630 3774 qaram
653 3683 748 3774 ejus,
782 3685 841 3776 qui
864 3681 958 3758 solus
981 3688 1159 3782 apopulo
1182 3703 1259 3764 tam
1297 3681 1303 3726 ²

198 3781 379 3876 indgniter
402 3775 590 3853 crucifixus
615 3781 675 3856 est.
724 3781 860 3872 Nunc,
885 3784 910 3857 sr
933 3805 1058 3859 omnes
1081 3787 1282 3880 interpre.

199 3881 356 3952 tationes
377 3877 457 3952 istas
481 3879 653 3976 respuerit
674 3879 709 3955 dt
727 3881 878 3958 inriserit
900 3883 1030 3960 duritia
1048 3886 1180 4058 conisi?r
1192 3909 1257 3962 ve·
1279 3903 1302 4007 ,j

1180 4009 1213 4082 ¹2

201 4083 209 4105 ⁴
297 4117 318 4160 ο
