2596 4346
146 255 217 345 134
291 249 339 348 Q.
365 243 504 323 surr.
529 243 672 326 Fron.
697 237 1096 326 Terrunornru,

143 409 244 504 Sepe
261 407 404 501 quidem
419 410 542 504 multi,
570 411 755 484 renovatis
773 411 974 504 mentibus,
999 428 1117 506 egros

142 507 344 588 Reib'tuere
359 510 517 584 animos:
542 509 669 602 &quet
686 511 720 584 se
736 509 837 603 poiie
853 511 1046 608 negabant,
1189 545 1208 570 a

92 603 105 628 '
142 609 388 701 renuerant,
415 607 639 702 fruitunrque
653 608 704 684 sui
722 631 852 708 cepere
868 609 1013 685 laboris.

48 745 54 764 ·
142 709 254 786 Multi
271 711 376 782 etiam
392 705 529 782 sentior
548 709 616 782 anfi
633 709 846 806 contingere
859 709 996 804 fontes,

27 869 30 876 ,
143 804 481 882 Disceffereiterum
498 807 643 902 subito,
669 823 842 900 retroque
855 811 995 904 relapfi,

71 951 79 960 ·
143 903 317 984 Sordibut
335 905 369 984 ἅ
389 927 494 980 coeno
512 906 602 982 misti
619 909 823 981 volvuntur
837 908 979 983 eodem.

142 1005 254 1082 Multi
267 1027 360 1080 vero
378 1007 482 1082 bono
501 1019 690 1100 portantes
703 1007 871 1102 pedore,
898 1011 988 1082 totis

143 1103 342 1200 Accipiunt
360 1108 504 1200 mimis,
530 1108 744 1201 penitusque
764 1109 801 1180 in
822 1107 959 1182 viscera
978 1108 1162 1184 tondunt.

112 1193 124 1216 ‘
143 1203 243 1304 Ergo
260 1207 320 1300 qui
335 1203 452 1280 sacros
467 1205 612 1299 poiiunt
623 1207 796 1280 accedere
810 1205 948 1302 fontes,

144 1305 301 1402 Septimo
313 1305 377 1380 lux
391 1307 473 1378 ilios
491 1319 616 1400 optata
630 1305 715 1380 sistit
733 1308 775 1381 ad
789 1307 917 1402 undas,
1066 1315 1070 1322 ’

139 1403 267 1504 Tingit
287 1404 376 1478 &in
396 1405 535 1497 liquidis
554 1407 698 1498 ieiunos
712 1405 876 1481 fontibus
897 1421 1006 1484 artus.

144 1501 202 1580 Sic
219 1503 359 1580 demum
376 1505 535 1580 illuviem
552 1507 702 1600 mentis,
729 1507 885 1600 viteque
898 1509 1027 1602 prioris

142 1603 349 1699 Deponunt
366 1606 504 1700 labeni,
529 1625 708 1699 purasque
723 1627 742 1679 a
758 1621 876 1682 morte
892 1609 1070 1684 reducunt
1197 1622 1203 1650 ¹

143 1701 300 1782 Illuibes
315 1707 469 1798 animes,
497 1706 648 1797 colique
666 1705 709 1778 ad
724 1705 832 1780 limen
850 1707 970 1782 ituras.

92 1881 100 1904 ,
144 1803 242 1878 Hinc
255 1803 324 1878 iter
342 1805 384 1878 ad
403 1825 543 1898 ramos,
570 1805 605 1877 dc
623 1805 739 1878 dulcia
756 1825 865 1898 poma
881 1804 1017 1880 salutis:

144 1903 232 1980 Inde
245 1903 315 1978 iter
332 1905 377 1978 td
395 1905 522 1980 culum
542 1923 607 1998 per
622 1925 741 1980 ramos
761 1906 897 1980 arboris
915 1905 1004 1984 altae.

144 1997 230 2081 Hoc
249 2003 383 2100 lignum
400 2007 487 2078 vite
501 2003 553 2080 est
570 2003 703 2078 cuneus
720 2005 972 2101 credentibus,
998 2003 1131 2084 Annon.

289 2277 294 2284 ⁵
633 2277 716 2366 Vl.

144 2407 242 2522 no
260 2409 677 2522 sundronnn
696 2321 1211 2524 nxennrsrnnn

175 2544 498 2644 RELIGIONE
529 2555 609 2642 AD
644 2553 961 2644 lDOLORUM
995 2551 1179 2644 SERVI-

213 2665 436 2756 TUTEM
455 2667 534 2756 CO
584 2667 848 2770 VERSUM,
873 2669 1142 2758 CARMEN.

148 2818 182 2880 1.
197 2801 373 2980 Quum
386 2803 503 2878 rediv
532 2801 536 2809 '
568 2803 751 2897 sitorum,
777 2804 952 2898 vanisque
968 2803 1133 2880 viderem

300 2897 491 2978 ’inservire
506 2900 632 2998 sacris,
658 2904 852 2997 priscoque
870 2923 995 2978 errore
1011 2907 1144 3003 teneri,

147 2999 313 3100 Obstipui
327 3003 510 3097 monitio,
536 3004 617 3098 quio
633 3006 786 3077 carmina
801 3001 937 3098 sernper
955 3003 1088 3096 ernasti,

146 3099 564 3200 Carminerespondenr‚
591 3105 786 3198 properavi
800 3100 952 3179 scribere
968 3103 1106 3199 verstu,

145 3201 201 3276 Ut
215 3217 252 3277 te
272 3201 514 3298 corriper'enr,
540 3205 706 3278 tenebras
720 3223 931 3298 preponere
947 3205 1031 3279 luci.

147 3303 239 3404 Quis
255 3303 413 3398 potietur
427 3305 544 3398 enirn,
569 3315 607 3376 te
620 3303 776 3378 Matrem
790 3303 937 3378 credere
949 3318 1113 3402 magnam

145 3399 249 3478 Poffe
262 3401 378 3478 Deam
392 3401 483 3496 diei,
512 3400 701 3501 rursusque
716 3416 842 3498 putare
853 3404 1056 3500 colendam,

147 3499 258 3595 eujus
273 3503 434 3580 cultores
448 3501 591 3578 infamia
607 3503 722 3597 turpis
737 3502 874 3576 inuriti
1147 3593 1152 3603 .

145 3599 314 3695 Namque
329 3599 530 3676 sacerdotes
549 3603 680 3676 tunicis
691 3604 929 3687 ,muliebribus
945 3603 1053 3683 iidem

145 3699 303 3776 Interior
313 3701 422 3774 riturn
436 3704 537 3776 cultu
551 3703 726 3778 interiore
738 3699 923 3800 fatentur,'

144 3795 257 3892 quue
273 3801 382 3876 licere
393 3811 545 3896 putent,
560 3801 659 3894 quod
672 3823 750 3878 non
761 3803 870 3892 licet;
889 3801 983 3878 unde
1000 3823 1066 3900 per
1081 3807 1216 3890 orbern

146 3895 297 3972 Leviter
309 3899 503 3992 incedunt,
528 3902 668 3976 mollite
684 3921 783 3976 voce
799 3904 1006 3998 loquentes,
1055 3917 1058 3928 ·

145 3991 390 4124 Lapsatop'que
404 4009 535 4080 tenent
551 3997 702 4077 extenso
717 4003 853 4098 pollice
869 4001 1031 4099 tunbos,

1106 4099 1161 4189 Et
