2586 4334
50 244 55 253 ,
214 127 969 230 ntllrsunrc'errorrecrnurr
1051 145 1128 248 5⁶9

68 327 172 412 nuum
188 313 372 420 indifflum
384 313 490 408 Deo,
515 311 698 388 (dmidium
712 311 896 386 hominem
912 307 1074 402 redigere
1089 307 1128 384 in
1150 358 1152 366 ι

70 413 241 490 sulutem?
267 435 362 506 pene
380 418 497 488 minue
516 413 660 500 iecere,
687 419 768 484 cuin
788 405 1127 484 etiam'seculrrium
1259 474 1263 486 .

22 560 28 577 ·
70 517 266 612 principum
283 517 392 608 plene
407 512 545 613 semper
558 511 781 605 indulgentia
796 509 1012 582 vindicetur.
1042 507 1129 584 Diu·

72 617 174 690 bolus
190 611 344 686 validior
356 613 394 688 in
408 613 566 686 bominis
580 611 743 702 injuriam
755 609 988 704 intelligitur,
1006 610 1129 680 totum

70 735 151 788 eum
168 715 325 786 elidenrr
352 710 452 786 lleus
467 709 646 786 infirmior
661 707 951 797 renuntiabitur,
976 727 1052 780 non
1072 720 1129 780 to·
1162 788 1163 799 Ν

54 825 145 888 tum
162 831 244 888 eum
257 809 453 885 relevandi
480 810 591 902 Atqui
606 809 639 882 dr
653 805 853 904 Apotlulus
864 803 1034 902 suggerit:
1068 809 1131 878 Uli

71 910 215 986 delicium
230 903 459 996 nudavere,
483 914 693 1006 integrarum
705 907 972 1006 superebundaffe.
1025 909 1132 1006 Quo·

69 1011 182 1090 modo
197 1011 354 1104 denique
370 1009 487 1085 selune
503 1013 716 1102 habebitur,
742 1011 801 1101 qui
817 1005 998 1102 poterit&
1013 1007 1131 1099 perdi·

72 1125 130 1185 tue
144 1109 241 1184 dicii
266 1131 373 1184 cerne
390 1109 526 1185 scilicet
541 1111 725 1206 perditur,
753 1109 869 1182 enimn
883 1127 976 1180 vero
996 1103 1132 1206 selvur:

70 1210 133 1288 nili
146 1209 247 1304 quod
260 1211 333 1302 iam
351 1210 384 1282 de
401 1215 514 1286 enine
532 1212 569 1284 in
580 1210 725 1304 perdito
739 1205 1133 1310 constitueturneceiie

72 1309 143 1401 est,
168 1323 209 1381 ut
225 1308 319 1382 selva
339 1301 431 1385 effic'i
450 1309 574 1403 pellit,
600 1309 636 1382 id
652 1313 747 1382 enim
762 1307 895 1383 salvum
912 1305 1003 1381 effici
1021 1327 1134 1402 opor·

71 1413 163 1484 tebit
182 1409 283 1502 quod
298 1411 477 1502 perditum
498 1409 619 1486 fuerit.
669 1409 784 1482 Porro
805 1421 924 1482 eutem
941 1409 1134 1500 recipimur

70 1513 196 1584 enimn
218 1509 551 1604 immortalitatem,
578 1523 619 1582 ut
634 1509 773 1602 perdite
790 1529 867 1580 non
889 1509 927 1581 in
945 1511 1133 1584 interitum

72 1609 256 1686 credetur,
282 1607 341 1712 led
359 1610 395 1680 in
410 1606 641 1702 supplicium,
667 1609 703 1682 id
724 1607 828 1683 estin
845 1607 1057 1704 gehennam.
1083 1605 1134 1684 Et

69 1707 97 1784 fi
116 1710 165 1781 ite
181 1705 255 1800 est,
274 1709 347 1798 jam
366 1727 444 1780 nnn
463 1710 613 1782 enimam
636 1707 807 1802 spedlebit
823 1707 914 1780 selue
927 1704 1057 1784 selvam
1071 1707 1136 1783 sci·

70 1805 231 1884 licetine
246 1820 373 1880 nature
393 1827 459 1899 per
474 1807 803 1905 immortalitatem,
829 1805 889 1882 sed
908 1827 1051 1884 carnem
1068 1827 1137 1904 po·
1169 1832 1184 1886 ς

70 1911 143 1980 tius
158 1927 264 1998 quem
278 1907 497 1982 interibilem
512 1907 654 1984 constet
668 1908 760 2004 apud
776 1929 916 1983 omnes.
967 1903 1047 1982 Aut
1059 1909 1085 1984 st
1098 1906 1136 1982 dc

71 2011 190 2084 anima
201 2007 404 2099 interibilis,
420 2005 456 2080 id
467 2006 532 2099 eil,
546 2027 624 2082 non
639 2009 852 2084 immortalis
869 2007 968 2099 quod
984 2007 1018 2082 dr
1034 2029 1136 2106 caru,

68 2107 142 2202 jrm
169 2105 204 2178 dr
230 2109 327 2180 carni
352 2105 470 2182 forme
489 2110 609 2182 illaex
635 2129 740 2203 aequo
763 2103 940 2202 perficere
966 2109 1136 2206 debebit,
1198 2155 1200 2163 ,

69 2205 229 2304 proinde
253 2205 458 2280 mortali&
490 2207 681 2282 interibili:
717 2211 800 2301 quia
824 2206 859 2280 id
894 2209 1138 2306 quodperit,
1182 2249 1187 2262 ·

69 2305 209 2380 salvum
222 2301 375 2378 fellerus
390 2303 442 2379 est
459 2305 638 2384 dominus.
691 2305 797 2382 Nolo
813 2327 911 2380 nunc
927 2311 1139 2382 contentio·

71 2403 115 2480 io
136 2404 227 2478 fune
250 2401 449 2492 deducere,
482 2406 573 2500 hec,
599 2427 644 2500 an
667 2407 748 2481 illuc
769 2405 956 2484 hominem
977 2409 1138 2502 perditio
1234 2421 1238 2432 ·

72 2501 303 2600 depostulet,
329 2505 413 2580 dum
428 2507 599 2597 utrinque
614 2527 697 2582 eum
712 2505 801 2580 selue
814 2503 988 2596 destinet,
1014 2509 1053 2582 in
1068 2529 1138 2586 em·

72 2604 137 2678 ber
154 2602 362 2678 substantiae
375 2621 589 2699 perequete.
640 2605 740 2682 Ecce
756 2609 852 2681 enim
863 2627 1139 2700 erqueeunque

70 2701 267 2779 substantie
292 2705 477 2781 bominem
500 2703 627 2800 periise
649 2703 927 2802 prelumplenr,
962 2729 1008 2784 er
1028 2711 1141 2784 altere

70 2821 153 2880 non
169 2805 276 2898 perit
326 2803 454 2878 salvus
466 2825 554 2900 ergo
567 2809 638 2878 erit
646 2810 718 2900 ium
733 2827 778 2882 ex
791 2827 862 2901 que
876 2827 953 2880 non
964 2809 1082 2903 perit,
1103 2805 1140 2884 dc
1206 2873 1209 2880 .

68 2899 194 2978 sulvus
210 2900 544 2993 nihilominurfiet,
568 2924 614 2979 ex
635 2927 704 2999 que
724 2908 830 3002 perit.
882 2905 1005 2984 Hebes
1023 2909 1139 2981 totiue

67 2999 235 3078 hominis
255 2999 544 3098 restitutionem,
584 3005 668 3080 dum
691 3005 748 3098 de,
795 3005 1041 3100 quodeunque
1062 3007 1141 3099 eius

67 3103 196 3198 peric,
221 3097 357 3218 selvum
373 3099 529 3178 fatemur
549 3103 601 3178 est
618 3107 805 3182 dominus:
833 3105 1141 3198 &quodcumque

67 3201 545 3396 ltltunllllillt
562 3205 1143 3396 ttltltlltrlblt

66 3411 155 3476 tere
167 3399 315 3476 salutern
329 3399 569 3477 consecutura
579 3405 640 3500 srt,
666 3409 778 3480 alteru
792 3401 952 3480 amilium
967 3425 1045 3481 erm
1061 3423 1142 3480 non

65 3497 150 3578 litt
184 3499 219 3574 bc
242 3517 365 3576 temen
387 3501 508 3576 editur
530 3501 668 3580 sensnm
691 3508 743 3582 rei
767 3506 934 3600 exprimit
955 3505 1142 3582 dominus:

67 3622 141 3698 ege,
172 3599 317 3692 dicens,
342 3605 442 3698 veni,
465 3625 534 3675 mn
554 3619 726 3693 ulmeam,
744 3605 801 3696 scd
817 3621 854 3676 ut
874 3611 996 3699 patris,
1023 3613 1079 3704 qui
1094 3629 1143 3676 me

68 3703 188 3800 niſse,
213 3699 341 3796 seciam
366 3704 577 3778 warram.
634 3707 754 3806 Quem
776 3721 844 3777 orn
869 3701 943 3779 tel
966 3719 1008 3780 ut
1029 3725 1142 3780 omne

66 3801 180 3897 qued
205 3801 307 3882 dedit
327 3803 418 3884 mint
435 3821 516 3882 nou
540 3803 686 3900 perdam
706 3823 752 3882 ex
770 3825 818 3882 eo
837 3807 1056 3902 quicquum,
1085 3799 1145 3880 sed

213 3964 218 3972 .
525 3901 605 3984 Nn
630 3923 653 3997 5
952 3899 1097 3984 resusci-
