<?xml version="1.0" encoding="UTF-8"?>
<!DOCTYPE html PUBLIC "-//W3C//DTD XHTML 1.0 Transitional//EN"
    "http://www.w3.org/TR/xhtml1/DTD/xhtml1-transitional.dtd">
<html xmlns="http://www.w3.org/1999/xhtml" xml:lang="en" lang="en">
 <head>
  <title>
</title>
<meta http-equiv="Content-Type" content="text/html;charset=utf-8" />
  <meta name='ocr-system' content='tesseract 3.04.00' />
  <meta name='ocr-capabilities' content='ocr_page ocr_carea ocr_par ocr_line ocrx_word'/>
</head>
<body>
  <div class='ocr_page' id='page_1' title='image "./operaomnia00tertgoog_0025.png"; bbox 0 0 2572 4336; ppageno 0'>
   <div class='ocr_carea' id='block_1_1' title="bbox 191 179 1176 282">
    <p class='ocr_par' dir='ltr' id='par_1_1' title="bbox 191 179 1176 282">
     <span class='ocr_line' id='line_1_1' title="bbox 191 179 1176 282; baseline -0.001 -19"><span class='ocrx_word' id='word_1_1' title='bbox 191 189 197 200; x_wconf 88' lang='lat'>&#39;</span> <span class='ocrx_word' id='word_1_2' title='bbox 317 185 782 270; x_wconf 71' lang='lat' dir='ltr'>,naPnaaro</span> <span class='ocrx_word' id='word_1_3' title='bbox 895 245 911 266; x_wconf 85' lang='grc'>.,</span> <span class='ocrx_word' id='word_1_4' title='bbox 1090 179 1176 282; x_wconf 80' lang='lat'>5&#39;&#39;</span> 
     </span>
    </p>
   </div>
   <div class='ocr_carea' id='block_1_2' title="bbox 36 343 1189 2234">
    <p class='ocr_par' dir='ltr' id='par_1_2' title="bbox 44 343 1151 449">
     <span class='ocr_line' id='line_1_2' title="bbox 44 343 1151 449; baseline -0.006 -18"><span class='ocrx_word' id='word_1_5' title='bbox 44 350 174 449; x_wconf 76' lang='lat' dir='ltr'>telligit</span> <span class='ocrx_word' id='word_1_6' title='bbox 210 348 296 426; x_wconf 86' lang='lat' dir='ltr'>alibi</span> <span class='ocrx_word' id='word_1_7' title='bbox 318 345 510 442; x_wconf 80' lang='lat' dir='ltr'>stipantem</span> <span class='ocrx_word' id='word_1_8' title='bbox 545 349 710 446; x_wconf 87' lang='lat' dir='ltr'>copiam,</span> <span class='ocrx_word' id='word_1_9' title='bbox 748 351 831 425; x_wconf 86' lang='lat' dir='ltr'>alibi</span> <span class='ocrx_word' id='word_1_10' title='bbox 863 343 1109 444; x_wconf 77' lang='lat' dir='ltr'>deserentem,</span> <span class='ocrx_word' id='word_1_11' title='bbox 1130 378 1151 404; x_wconf 37' lang='grc' dir='ltr'><em>Α</em></span> 
     </span>
    </p>

    <p class='ocr_par' dir='ltr' id='par_1_3' title="bbox 40 446 1189 940">
     <span class='ocr_line' id='line_1_3' title="bbox 41 446 1189 544; baseline -0.004 -18"><span class='ocrx_word' id='word_1_12' title='bbox 41 467 197 526; x_wconf 87' lang='lat' dir='ltr'>runcare</span> <span class='ocrx_word' id='word_1_13' title='bbox 220 461 329 539; x_wconf 87' lang='lat' dir='ltr'>atque</span> <span class='ocrx_word' id='word_1_14' title='bbox 347 446 479 524; x_wconf 83' lang='lat' dir='ltr'>roslare</span> <span class='ocrx_word' id='word_1_15' title='bbox 494 447 668 544; x_wconf 84' lang='lat' dir='ltr'>instituit,</span> <span class='ocrx_word' id='word_1_16' title='bbox 691 463 734 526; x_wconf 93' lang='lat' dir='ltr'>ut</span> <span class='ocrx_word' id='word_1_17' title='bbox 749 449 834 526; x_wconf 91' lang='lat' dir='ltr'>inde</span> <span class='ocrx_word' id='word_1_18' title='bbox 853 451 959 524; x_wconf 85' lang='lat' dir='ltr'>velut</span> <span class='ocrx_word' id='word_1_19' title='bbox 978 467 1022 523; x_wconf 83' lang='lat' dir='ltr'>err</span> <span class='ocrx_word' id='word_1_20' title='bbox 1040 447 1111 522; x_wconf 92' lang='lat' dir='ltr'>sur·</span> <span class='ocrx_word' id='word_1_21' title='bbox 1173 472 1189 500; x_wconf 82' lang='lat'><strong>·</strong></span> 
     </span>
     <span class='ocr_line' id='line_1_4' title="bbox 43 547 1112 646; baseline -0.002 -22"><span class='ocrx_word' id='word_1_22' title='bbox 43 553 136 624; x_wconf 78' lang='lat' dir='ltr'>caelia</span> <span class='ocrx_word' id='word_1_23' title='bbox 173 547 208 622; x_wconf 82' lang='lat' dir='ltr'>dt</span> <span class='ocrx_word' id='word_1_24' title='bbox 243 549 501 645; x_wconf 74' lang='lat' dir='ltr'>propaginibus</span> <span class='ocrx_word' id='word_1_25' title='bbox 541 551 668 646; x_wconf 82' lang='lat' dir='ltr'>populi</span> <span class='ocrx_word' id='word_1_26' title='bbox 699 549 746 626; x_wconf 90' lang='lat' dir='ltr'>de</span> <span class='ocrx_word' id='word_1_27' title='bbox 777 547 956 644; x_wconf 85' lang='lat' dir='ltr'>populis,</span> <span class='ocrx_word' id='word_1_28' title='bbox 999 552 1112 622; x_wconf 79' lang='lat' dir='ltr'>urbae</span> 
     </span>
     <span class='ocr_line' id='line_1_5' title="bbox 41 644 1110 748; baseline 0 -26"><span class='ocrx_word' id='word_1_29' title='bbox 41 649 90 723; x_wconf 90' lang='lat' dir='ltr'>de</span> <span class='ocrx_word' id='word_1_30' title='bbox 114 648 287 742; x_wconf 81' lang='lat' dir='ltr'>urbibus,</span> <span class='ocrx_word' id='word_1_31' title='bbox 313 667 379 742; x_wconf 92' lang='lat' dir='ltr'>per</span> <span class='ocrx_word' id='word_1_32' title='bbox 396 649 530 742; x_wconf 87' lang='lat' dir='ltr'>ubique</span> <span class='ocrx_word' id='word_1_33' title='bbox 556 651 656 724; x_wconf 86' lang='lat' dir='ltr'>orbis</span> <span class='ocrx_word' id='word_1_34' title='bbox 674 662 925 748; x_wconf 83' lang='lat' dir='ltr'>pangerentur.</span> <span class='ocrx_word' id='word_1_35' title='bbox 976 644 1110 722; x_wconf 71' lang='lat' dir='ltr'>Trana·</span> 
     </span>
     <span class='ocr_line' id='line_1_6' title="bbox 40 745 1107 845; baseline 0 -23"><span class='ocrx_word' id='word_1_36' title='bbox 40 749 223 824; x_wconf 77' lang='lat' dir='ltr'>volavero</span> <span class='ocrx_word' id='word_1_37' title='bbox 252 745 529 824; x_wconf 86' lang='lat' dir='ltr'>redundantium</span> <span class='ocrx_word' id='word_1_38' title='bbox 555 751 717 845; x_wconf 82' lang='lat' dir='ltr'>gentium</span> <span class='ocrx_word' id='word_1_39' title='bbox 743 745 932 838; x_wconf 79' lang='lat' dir='ltr'>examina3</span> <span class='ocrx_word' id='word_1_40' title='bbox 962 745 1107 840; x_wconf 83' lang='lat' dir='ltr'>Scythae</span> 
     </span>
     <span class='ocr_line' id='line_1_7' title="bbox 40 843 1152 940; baseline 0 -18"><span class='ocrx_word' id='word_1_41' title='bbox 40 849 245 922; x_wconf 77' lang='lat' dir='ltr'>exuberant</span> <span class='ocrx_word' id='word_1_42' title='bbox 270 845 408 932; x_wconf 78' lang='lat' dir='ltr'><strong>Persas,</strong></span> <span class='ocrx_word' id='word_1_43' title='bbox 438 845 627 928; x_wconf 85' lang='lat' dir='ltr'>l&#39;hoenicea</span> <span class='ocrx_word' id='word_1_44' title='bbox 661 852 700 923; x_wconf 94' lang='lat' dir='ltr'>in</span> <span class='ocrx_word' id='word_1_45' title='bbox 725 844 903 924; x_wconf 80' lang='lat' dir='ltr'>Asricarn&#39;</span> <span class='ocrx_word' id='word_1_46' title='bbox 923 843 1106 940; x_wconf 77' lang='lat' dir='ltr'>enrilant,</span> <span class='ocrx_word' id='word_1_47' title='bbox 1137 904 1152 922; x_wconf 42' lang='lat' dir='ltr'>r</span> 
     </span>
    </p>

    <p class='ocr_par' dir='ltr' id='par_1_4' title="bbox 36 938 1179 2234">
     <span class='ocr_line' id='line_1_8' title="bbox 37 938 1179 1051; baseline 0.002 -31"><span class='ocrx_word' id='word_1_48' title='bbox 37 938 232 1022; x_wconf 88' lang='lat' dir='ltr'>Romanoa</span> <span class='ocrx_word' id='word_1_49' title='bbox 269 945 427 1044; x_wconf 75' lang='lat' dir='ltr'>Phryges</span> <span class='ocrx_word' id='word_1_50' title='bbox 461 950 632 1044; x_wconf 86' lang='lat' dir='ltr'>pariunt,</span> <span class='ocrx_word' id='word_1_51' title='bbox 674 947 882 1024; x_wconf 80' lang='lat' dir='ltr'>Chaldaeum</span> <span class='ocrx_word' id='word_1_52' title='bbox 913 946 1033 1024; x_wconf 88' lang='lat' dir='ltr'>senen</span> <span class='ocrx_word' id='word_1_53' title='bbox 1066 947 1106 1022; x_wconf 90' lang='lat' dir='ltr'>in</span> <span class='ocrx_word' id='word_1_54' title='bbox 1162 1022 1179 1051; x_wconf 46' lang='lat'><em>4</em></span> 
     </span>
     <span class='ocr_line' id='line_1_9' title="bbox 38 1043 1160 1144; baseline -0.001 -25"><span class='ocrx_word' id='word_1_55' title='bbox 38 1043 255 1144; x_wconf 80' lang='lat' dir='ltr'>Aegyptum</span> <span class='ocrx_word' id='word_1_56' title='bbox 266 1046 450 1122; x_wconf 76' lang='lat' dir='ltr'>educatam.</span> <span class='ocrx_word' id='word_1_57' title='bbox 500 1045 646 1122; x_wconf 91' lang='lat' dir='ltr'>Dehine</span> <span class='ocrx_word' id='word_1_58' title='bbox 657 1067 740 1124; x_wconf 87' lang='lat' dir='ltr'>cunr</span> <span class='ocrx_word' id='word_1_59' title='bbox 754 1049 838 1122; x_wconf 89' lang='lat' dir='ltr'>inde</span> <span class='ocrx_word' id='word_1_60' title='bbox 852 1045 1105 1139; x_wconf 83' lang='lat' dir='ltr'>transducitur,</span> <span class='ocrx_word' id='word_1_61' title='bbox 1153 1076 1160 1088; x_wconf 89' lang='lat'><strong>·</strong></span> 
     </span>
     <span class='ocr_line' id='line_1_10' title="bbox 37 1136 1106 1249; baseline 0.005 -29"><span class='ocrx_word' id='word_1_62' title='bbox 37 1136 164 1242; x_wconf 71' lang='lat' dir='ltr'>judea</span> <span class='ocrx_word' id='word_1_63' title='bbox 180 1165 272 1244; x_wconf 77' lang='lat' dir='ltr'>gena</span> <span class='ocrx_word' id='word_1_64' title='bbox 292 1141 356 1223; x_wconf 80' lang='lat' dir='ltr'>est.</span> <span class='ocrx_word' id='word_1_65' title='bbox 407 1143 466 1220; x_wconf 85' lang='lat' dir='ltr'>Sic</span> <span class='ocrx_word' id='word_1_66' title='bbox 483 1143 517 1220; x_wconf 84' lang='lat' dir='ltr'>dr</span> <span class='ocrx_word' id='word_1_67' title='bbox 533 1145 923 1249; x_wconf 75' lang='lat' dir='ltr'>Hercueaposteritaa</span> <span class='ocrx_word' id='word_1_68' title='bbox 934 1142 1106 1225; x_wconf 83' lang='lat' dir='ltr'><strong>Temeno</strong></span> 
     </span>
     <span class='ocr_line' id='line_1_11' title="bbox 37 1240 1106 1423; baseline 0 -105"><span class='ocrx_word' id='word_1_69' title='bbox 37 1245 177 1423; x_wconf 62' lang='lat' dir='ltr'>feriter</span> <span class='ocrx_word' id='word_1_70' title='bbox 194 1240 460 1340; x_wconf 82' lang='lat' dir='ltr'>Peloponesum</span> <span class='ocrx_word' id='word_1_71' title='bbox 484 1245 703 1342; x_wconf 89' lang='lat' dir='ltr'>occupando</span> <span class='ocrx_word' id='word_1_72' title='bbox 725 1245 944 1340; x_wconf 84' lang='lat' dir='ltr'>producunt</span> <span class='ocrx_word' id='word_1_73' title='bbox 995 1243 1053 1319; x_wconf 88' lang='lat' dir='ltr'>Sic</span> <span class='ocrx_word' id='word_1_74' title='bbox 1071 1243 1106 1318; x_wconf 79' lang='lat' dir='ltr'>dr</span> 
     </span>
     <span class='ocr_line' id='line_1_12' title="bbox 56 1341 1105 1436; baseline -0.004 -18"><span class='ocrx_word' id='word_1_75' title='bbox 56 1365 150 1420; x_wconf 82' lang='lat' dir='ltr'>onae</span> <span class='ocrx_word' id='word_1_76' title='bbox 172 1343 282 1422; x_wconf 88' lang='lat' dir='ltr'>Nelei</span> <span class='ocrx_word' id='word_1_77' title='bbox 304 1343 458 1421; x_wconf 78' lang='lat' dir='ltr'>comiter</span> <span class='ocrx_word' id='word_1_78' title='bbox 476 1343 606 1436; x_wconf 71' lang='lat' dir='ltr'>Aliam</span> <span class='ocrx_word' id='word_1_79' title='bbox 619 1345 728 1420; x_wconf 83' lang='lat' dir='ltr'>novis</span> <span class='ocrx_word' id='word_1_80' title='bbox 743 1347 892 1422; x_wconf 78' lang='lat' dir='ltr'>urbibus</span> <span class='ocrx_word' id='word_1_81' title='bbox 904 1341 1105 1434; x_wconf 84' lang='lat' dir='ltr'>instruunt,</span> 
     </span>
     <span class='ocr_line' id='line_1_13' title="bbox 37 1441 1105 1538; baseline -0.006 -16"><span class='ocrx_word' id='word_1_82' title='bbox 37 1445 88 1522; x_wconf 84' lang='lat' dir='ltr'>fic</span> <span class='ocrx_word' id='word_1_83' title='bbox 101 1443 137 1522; x_wconf 82' lang='lat' dir='ltr'>dr</span> <span class='ocrx_word' id='word_1_84' title='bbox 152 1441 333 1520; x_wconf 88' lang='lat' dir='ltr'>Corinthii</span> <span class='ocrx_word' id='word_1_85' title='bbox 351 1460 433 1520; x_wconf 88' lang='lat' dir='ltr'>curn</span> <span class='ocrx_word' id='word_1_86' title='bbox 449 1441 584 1520; x_wconf 87' lang='lat' dir='ltr'>Archia</span> <span class='ocrx_word' id='word_1_87' title='bbox 600 1447 768 1522; x_wconf 89' lang='lat' dir='ltr'>muniunt</span> <span class='ocrx_word' id='word_1_88' title='bbox 782 1441 981 1538; x_wconf 76' lang='lat' dir='ltr'>Syracusas.</span> <span class='ocrx_word' id='word_1_89' title='bbox 1033 1441 1105 1516; x_wconf 85' lang='lat' dir='ltr'>Sed</span> 
     </span>
     <span class='ocr_line' id='line_1_14' title="bbox 38 1541 1104 1640; baseline -0.004 -22"><span class='ocrx_word' id='word_1_90' title='bbox 38 1565 177 1618; x_wconf 87' lang='lat' dir='ltr'>vanum</span> <span class='ocrx_word' id='word_1_91' title='bbox 191 1545 265 1640; x_wconf 80' lang='lat' dir='ltr'>jrrn</span> <span class='ocrx_word' id='word_1_92' title='bbox 291 1543 511 1638; x_wconf 78' lang='lat' dir='ltr'>antiquitas,</span> <span class='ocrx_word' id='word_1_93' title='bbox 537 1547 682 1638; x_wconf 90' lang='lat' dir='ltr'>quando</span> <span class='ocrx_word' id='word_1_94' title='bbox 703 1545 879 1618; x_wconf 83' lang='lat' dir='ltr'>curricula</span> <span class='ocrx_word' id='word_1_95' title='bbox 898 1541 1019 1620; x_wconf 89' lang='lat' dir='ltr'>nostra</span> <span class='ocrx_word' id='word_1_96' title='bbox 1038 1561 1104 1616; x_wconf 88' lang='lat' dir='ltr'>co-</span> 
     </span>
     <span class='ocr_line' id='line_1_15' title="bbox 36 1639 1103 1741; baseline -0.001 -23"><span class='ocrx_word' id='word_1_97' title='bbox 36 1664 126 1728; x_wconf 83' lang='lat' dir='ltr'>ram.</span> <span class='ocrx_word' id='word_1_98' title='bbox 192 1645 380 1741; x_wconf 83' lang='lat' dir='ltr'>Quantum</span> <span class='ocrx_word' id='word_1_99' title='bbox 416 1641 632 1718; x_wconf 80' lang='lat' dir='ltr'>reformavit</span> <span class='ocrx_word' id='word_1_100' title='bbox 666 1645 764 1720; x_wconf 81' lang='lat' dir='ltr'>orbis</span> <span class='ocrx_word' id='word_1_101' title='bbox 788 1640 945 1718; x_wconf 83' lang='lat' dir='ltr'>seculum</span> <span class='ocrx_word' id='word_1_102' title='bbox 976 1639 1103 1718; x_wconf 78' lang='lat' dir='ltr'>illudi</span> 
     </span>
     <span class='ocr_line' id='line_1_16' title="bbox 40 1739 1104 1839; baseline -0.003 -21"><span class='ocrx_word' id='word_1_103' title='bbox 40 1756 218 1838; x_wconf 87' lang='lat' dir='ltr'>quantum</span> <span class='ocrx_word' id='word_1_104' title='bbox 235 1741 375 1818; x_wconf 84' lang='lat' dir='ltr'>urbium</span> <span class='ocrx_word' id='word_1_105' title='bbox 389 1753 452 1816; x_wconf 88' lang='lat' dir='ltr'>aut</span> <span class='ocrx_word' id='word_1_106' title='bbox 466 1743 661 1839; x_wconf 87' lang='lat' dir='ltr'>produxit,</span> <span class='ocrx_word' id='word_1_107' title='bbox 687 1757 750 1816; x_wconf 88' lang='lat' dir='ltr'>aut</span> <span class='ocrx_word' id='word_1_108' title='bbox 765 1743 883 1820; x_wconf 82' lang='lat' dir='ltr'>auxit,</span> <span class='ocrx_word' id='word_1_109' title='bbox 910 1753 971 1814; x_wconf 84' lang='lat' dir='ltr'>aut</span> <span class='ocrx_word' id='word_1_110' title='bbox 985 1739 1104 1818; x_wconf 84' lang='lat' dir='ltr'>reddi·</span> 
     </span>
     <span class='ocr_line' id='line_1_17' title="bbox 39 1839 1103 1942; baseline -0.006 -24"><span class='ocrx_word' id='word_1_111' title='bbox 39 1841 98 1918; x_wconf 84' lang='lat' dir='ltr'>dit</span> <span class='ocrx_word' id='word_1_112' title='bbox 120 1840 300 1936; x_wconf 71' lang='lat' dir='ltr'>prasentia</span> <span class='ocrx_word' id='word_1_113' title='bbox 317 1839 461 1936; x_wconf 85' lang='lat' dir='ltr'>Imperii</span> <span class='ocrx_word' id='word_1_114' title='bbox 482 1843 614 1938; x_wconf 78' lang='lat' dir='ltr'>triplex</span> <span class='ocrx_word' id='word_1_115' title='bbox 631 1845 770 1918; x_wconf 80' lang='lat' dir='ltr'>virtue!</span> <span class='ocrx_word' id='word_1_116' title='bbox 794 1840 881 1916; x_wconf 91' lang='lat' dir='ltr'>Deo</span> <span class='ocrx_word' id='word_1_117' title='bbox 903 1849 962 1942; x_wconf 84' lang='lat' dir='ltr'>tot</span> <span class='ocrx_word' id='word_1_118' title='bbox 982 1839 1103 1937; x_wconf 82' lang='lat' dir='ltr'>Augu·</span> 
     </span>
     <span class='ocr_line' id='line_1_18' title="bbox 43 1937 1104 2036; baseline -0.005 -18"><span class='ocrx_word' id='word_1_119' title='bbox 43 1937 105 2018; x_wconf 86' lang='lat' dir='ltr'>stia</span> <span class='ocrx_word' id='word_1_120' title='bbox 125 1943 161 2014; x_wconf 87' lang='lat' dir='ltr'>in</span> <span class='ocrx_word' id='word_1_121' title='bbox 181 1961 288 2014; x_wconf 89' lang='lat' dir='ltr'>unurn</span> <span class='ocrx_word' id='word_1_122' title='bbox 301 1940 470 2035; x_wconf 84' lang='lat' dir='ltr'>favente,</span> <span class='ocrx_word' id='word_1_123' title='bbox 495 1955 588 2034; x_wconf 87' lang='lat' dir='ltr'>quot</span> <span class='ocrx_word' id='word_1_124' title='bbox 603 1941 729 2018; x_wconf 82' lang='lat' dir='ltr'>censue</span> <span class='ocrx_word' id='word_1_125' title='bbox 746 1937 986 2036; x_wconf 71' lang='lat' dir='ltr'>transcripti?</span> <span class='ocrx_word' id='word_1_126' title='bbox 1011 1949 1104 2032; x_wconf 93' lang='lat' dir='ltr'>quot</span> 
     </span>
     <span class='ocr_line' id='line_1_19' title="bbox 42 2037 1101 2138; baseline -0.003 -24"><span class='ocrx_word' id='word_1_127' title='bbox 42 2041 172 2138; x_wconf 88' lang='lat' dir='ltr'>populi</span> <span class='ocrx_word' id='word_1_128' title='bbox 188 2039 394 2138; x_wconf 81' lang='lat' dir='ltr'>repurgatil</span> <span class='ocrx_word' id='word_1_129' title='bbox 420 2055 512 2133; x_wconf 90' lang='lat' dir='ltr'>quot</span> <span class='ocrx_word' id='word_1_130' title='bbox 527 2042 673 2118; x_wconf 86' lang='lat' dir='ltr'>ordiner</span> <span class='ocrx_word' id='word_1_131' title='bbox 690 2037 885 2114; x_wconf 77' lang='lat' dir='ltr'>illustrati?</span> <span class='ocrx_word' id='word_1_132' title='bbox 910 2052 1002 2132; x_wconf 90' lang='lat' dir='ltr'>quot</span> <span class='ocrx_word' id='word_1_133' title='bbox 1024 2041 1101 2112; x_wconf 91' lang='lat' dir='ltr'>bar·</span> 
     </span>
     <span class='ocr_line' id='line_1_20' title="bbox 41 2137 1100 2234; baseline -0.004 -18"><span class='ocrx_word' id='word_1_134' title='bbox 41 2139 116 2216; x_wconf 85' lang='lat' dir='ltr'>bari</span> <span class='ocrx_word' id='word_1_135' title='bbox 136 2139 294 2216; x_wconf 74' lang='lat' dir='ltr'>exclusi?</span> <span class='ocrx_word' id='word_1_136' title='bbox 318 2139 463 2217; x_wconf 85' lang='lat' dir='ltr'>Revera</span> <span class='ocrx_word' id='word_1_137' title='bbox 481 2143 579 2216; x_wconf 89' lang='lat' dir='ltr'>orbia</span> <span class='ocrx_word' id='word_1_138' title='bbox 594 2139 817 2217; x_wconf 84' lang='lat' dir='ltr'>cultillimurn</span> <span class='ocrx_word' id='word_1_139' title='bbox 830 2137 934 2234; x_wconf 84' lang='lat' dir='ltr'>hujus</span> <span class='ocrx_word' id='word_1_140' title='bbox 954 2137 1100 2234; x_wconf 84' lang='lat' dir='ltr'>Imperii</span> 
     </span>
    </p>
   </div>
   <div class='ocr_carea' id='block_1_3' title="bbox 38 2231 1259 2434">
    <p class='ocr_par' dir='ltr' id='par_1_5' title="bbox 38 2231 1259 2434">
     <span class='ocr_line' id='line_1_21' title="bbox 38 2231 1259 2335; baseline -0.007 -20"><span class='ocrx_word' id='word_1_141' title='bbox 38 2261 100 2316; x_wconf 86' lang='lat' dir='ltr'>rua</span> <span class='ocrx_word' id='word_1_142' title='bbox 116 2239 186 2335; x_wconf 85' lang='lat' dir='ltr'>est,</span> <span class='ocrx_word' id='word_1_143' title='bbox 213 2239 396 2314; x_wconf 86' lang='lat' dir='ltr'>eradicato</span> <span class='ocrx_word' id='word_1_144' title='bbox 414 2241 514 2314; x_wconf 88' lang='lat' dir='ltr'>omni</span> <span class='ocrx_word' id='word_1_145' title='bbox 528 2242 677 2316; x_wconf 90' lang='lat' dir='ltr'>aconito</span> <span class='ocrx_word' id='word_1_146' title='bbox 695 2237 921 2332; x_wconf 85' lang='lat' dir='ltr'>hostilitatis,</span> <span class='ocrx_word' id='word_1_147' title='bbox 947 2231 1102 2320; x_wconf 76' lang='lat' dir='ltr'>&amp;cailo</span> <span class='ocrx_word' id='word_1_148' title='bbox 1182 2255 1187 2263; x_wconf 93' lang='lat'>·</span> <span class='ocrx_word' id='word_1_149' title='bbox 1243 2237 1259 2298; x_wconf 89' lang='grc'>.“</span> 
     </span>
     <span class='ocr_line' id='line_1_22' title="bbox 39 2337 1216 2434; baseline -0.005 -20"><span class='ocrx_word' id='word_1_150' title='bbox 39 2341 75 2414; x_wconf 78' lang='lat' dir='ltr'>dr</span> <span class='ocrx_word' id='word_1_151' title='bbox 87 2343 182 2414; x_wconf 87' lang='lat' dir='ltr'>rubo</span> <span class='ocrx_word' id='word_1_152' title='bbox 201 2338 358 2418; x_wconf 80' lang='lat' dir='ltr'>subdole</span> <span class='ocrx_word' id='word_1_153' title='bbox 377 2339 647 2434; x_wconf 77' lang='lat' dir='ltr'>familiaritatis,</span> <span class='ocrx_word' id='word_1_154' title='bbox 673 2339 869 2418; x_wconf 84' lang='lat' dir='ltr'>concultua</span> <span class='ocrx_word' id='word_1_155' title='bbox 887 2337 921 2412; x_wconf 81' lang='lat' dir='ltr'>dr</span> <span class='ocrx_word' id='word_1_156' title='bbox 941 2357 1100 2412; x_wconf 83' lang='lat' dir='ltr'>amoenua</span> <span class='ocrx_word' id='word_1_157' title='bbox 1208 2385 1216 2408; x_wconf 89' lang='lat'><strong>.</strong></span> 
     </span>
    </p>
   </div>
   <div class='ocr_carea' id='block_1_4' title="bbox 36 2435 1180 2638">
    <p class='ocr_par' dir='ltr' id='par_1_6' title="bbox 36 2435 1180 2638">
     <span class='ocr_line' id='line_1_23' title="bbox 36 2435 1100 2536; baseline -0.01 -18"><span class='ocrx_word' id='word_1_158' title='bbox 36 2439 145 2535; x_wconf 89' lang='lat' dir='ltr'>super</span> <span class='ocrx_word' id='word_1_159' title='bbox 168 2437 317 2512; x_wconf 81' lang='lat' dir='ltr'>Alcinoi</span> <span class='ocrx_word' id='word_1_160' title='bbox 343 2450 552 2536; x_wconf 83' lang='lat' dir='ltr'>pometum,</span> <span class='ocrx_word' id='word_1_161' title='bbox 587 2439 761 2514; x_wconf 77' lang='lat' dir='ltr'>&amp;Mida</span> <span class='ocrx_word' id='word_1_162' title='bbox 787 2435 956 2513; x_wconf 86' lang='lat' dir='ltr'>rosetum.</span> <span class='ocrx_word' id='word_1_163' title='bbox 1007 2437 1100 2508; x_wconf 88' lang='lat' dir='ltr'>Lau·</span> 
     </span>
     <span class='ocr_line' id='line_1_24' title="bbox 36 2536 1180 2638; baseline -0.004 -22"><span class='ocrx_word' id='word_1_164' title='bbox 36 2541 127 2616; x_wconf 87' lang='lat' dir='ltr'>dana</span> <span class='ocrx_word' id='word_1_165' title='bbox 153 2541 260 2638; x_wconf 83' lang='lat' dir='ltr'>iginu</span> <span class='ocrx_word' id='word_1_166' title='bbox 285 2539 412 2616; x_wconf 85' lang='lat' dir='ltr'>orbem</span> <span class='ocrx_word' id='word_1_167' title='bbox 436 2551 660 2638; x_wconf 84' lang='lat' dir='ltr'>mutantem,</span> <span class='ocrx_word' id='word_1_168' title='bbox 696 2537 781 2632; x_wconf 91' lang='lat' dir='ltr'>quid</span> <span class='ocrx_word' id='word_1_169' title='bbox 806 2536 961 2614; x_wconf 79' lang='lat' dir='ltr'>denotas</span> <span class='ocrx_word' id='word_1_170' title='bbox 985 2537 1100 2636; x_wconf 81' lang='lat' dir='ltr'>horni-</span> <span class='ocrx_word' id='word_1_171' title='bbox 1132 2606 1137 2615; x_wconf 85' lang='lat'><em>.</em></span> <span class='ocrx_word' id='word_1_172' title='bbox 1176 2623 1180 2636; x_wconf 23' lang='grc' dir='ltr'>ι</span> 
     </span>
    </p>
   </div>
   <div class='ocr_carea' id='block_1_5' title="bbox 34 2639 1100 2936">
    <p class='ocr_par' dir='ltr' id='par_1_7' title="bbox 34 2639 1100 2936">
     <span class='ocr_line' id='line_1_25' title="bbox 34 2639 1100 2836; baseline -0.005 -19"><span class='ocrx_word' id='word_1_173' title='bbox 34 2639 156 2832; x_wconf 44' lang='lat' dir='ltr'>mma?</span> <span class='ocrx_word' id='word_1_174' title='bbox 173 2736 325 2814; x_wconf 85' lang='lat' dir='ltr'>Mutant</span> <span class='ocrx_word' id='word_1_175' title='bbox 351 2735 521 2814; x_wconf 78' lang='lat' dir='ltr'>&amp;bestia</span> <span class='ocrx_word' id='word_1_176' title='bbox 546 2757 615 2834; x_wconf 91' lang='lat' dir='ltr'>pro</span> <span class='ocrx_word' id='word_1_177' title='bbox 636 2737 736 2816; x_wconf 75' lang='lat' dir='ltr'>velle</span> <span class='ocrx_word' id='word_1_178' title='bbox 752 2737 916 2818; x_wconf 82' lang='lat' dir='ltr'>forman.</span> <span class='ocrx_word' id='word_1_179' title='bbox 958 2675 1100 2836; x_wconf 26' lang='lat' dir='ltr'>&#39;Quam-</span> 
     </span>
     <span class='ocr_line' id='line_1_26' title="bbox 36 2833 1099 2936; baseline -0.005 -23"><span class='ocrx_word' id='word_1_180' title='bbox 36 2859 147 2932; x_wconf 83' lang='lat' dir='ltr'>quam</span> <span class='ocrx_word' id='word_1_181' title='bbox 169 2839 204 2914; x_wconf 76' lang='grc' dir='ltr'>ἀ</span> <span class='ocrx_word' id='word_1_182' title='bbox 224 2859 323 2936; x_wconf 87' lang='lat' dir='ltr'>pavo</span> <span class='ocrx_word' id='word_1_183' title='bbox 342 2839 463 2934; x_wconf 87' lang='lat' dir='ltr'>pluma</span> <span class='ocrx_word' id='word_1_184' title='bbox 482 2835 590 2914; x_wconf 84' lang='lat' dir='ltr'>vestis</span> <span class='ocrx_word' id='word_1_185' title='bbox 615 2835 813 2935; x_wconf 86' lang='lat' dir='ltr'>&amp;quidem</span> <span class='ocrx_word' id='word_1_186' title='bbox 836 2835 882 2912; x_wconf 90' lang='lat' dir='ltr'>de</span> <span class='ocrx_word' id='word_1_187' title='bbox 911 2833 1099 2910; x_wconf 75' lang='lat' dir='ltr'>cataclistis</span> 
     </span>
    </p>
   </div>
   <div class='ocr_carea' id='block_1_6' title="bbox 33 2932 1220 3034">
    <p class='ocr_par' dir='ltr' id='par_1_8' title="bbox 33 2932 1220 3034">
     <span class='ocr_line' id='line_1_27' title="bbox 33 2932 1220 3034; baseline -0.006 -20"><span class='ocrx_word' id='word_1_188' title='bbox 33 2943 114 3014; x_wconf 89' lang='lat' dir='ltr'>imo</span> <span class='ocrx_word' id='word_1_189' title='bbox 139 2939 241 3014; x_wconf 86' lang='lat' dir='ltr'>omni</span> <span class='ocrx_word' id='word_1_190' title='bbox 259 2937 459 3034; x_wconf 87' lang='lat' dir='ltr'>conchylio</span> <span class='ocrx_word' id='word_1_191' title='bbox 480 2936 647 3034; x_wconf 84' lang='lat' dir='ltr'>preffior,</span> <span class='ocrx_word' id='word_1_192' title='bbox 673 2959 743 3033; x_wconf 90' lang='lat' dir='ltr'>qua</span> <span class='ocrx_word' id='word_1_193' title='bbox 767 2937 861 3012; x_wconf 89' lang='lat' dir='ltr'>colla</span> <span class='ocrx_word' id='word_1_194' title='bbox 878 2935 1038 3024; x_wconf 67' lang='lat' dir='ltr'>florenta</span> <span class='ocrx_word' id='word_1_195' title='bbox 1063 2932 1100 3008; x_wconf 81' lang='lat' dir='ltr'>dr</span> <span class='ocrx_word' id='word_1_196' title='bbox 1212 2934 1220 2947; x_wconf 75' lang='grc'><strong>“</strong></span> 
     </span>
    </p>
   </div>
   <div class='ocr_carea' id='block_1_7' title="bbox 33 3033 1142 4034">
    <p class='ocr_par' dir='ltr' id='par_1_9' title="bbox 33 3033 1142 4012">
     <span class='ocr_line' id='line_1_28' title="bbox 34 3033 1098 3136; baseline -0.009 -20"><span class='ocrx_word' id='word_1_197' title='bbox 34 3040 140 3116; x_wconf 87' lang='lat' dir='ltr'>onrni</span> <span class='ocrx_word' id='word_1_198' title='bbox 155 3041 300 3136; x_wconf 76' lang='lat' dir='ltr'>patagio</span> <span class='ocrx_word' id='word_1_199' title='bbox 317 3039 532 3124; x_wconf 89' lang='lat' dir='ltr'>inauratior,</span> <span class='ocrx_word' id='word_1_200' title='bbox 556 3057 626 3130; x_wconf 88' lang='lat' dir='ltr'>qua</span> <span class='ocrx_word' id='word_1_201' title='bbox 640 3053 743 3136; x_wconf 80' lang='lat' dir='ltr'>terga</span> <span class='ocrx_word' id='word_1_202' title='bbox 757 3037 917 3134; x_wconf 67' lang='lat' dir='ltr'>fulgente</span> <span class='ocrx_word' id='word_1_203' title='bbox 943 3035 978 3110; x_wconf 83' lang='lat' dir='ltr'>dr</span> <span class='ocrx_word' id='word_1_204' title='bbox 996 3033 1098 3109; x_wconf 89' lang='lat' dir='ltr'>omni</span> 
     </span>
     <span class='ocr_line' id='line_1_29' title="bbox 33 3129 1098 3232; baseline -0.008 -18"><span class='ocrx_word' id='word_1_205' title='bbox 33 3135 194 3232; x_wconf 83' lang='lat' dir='ltr'>syrmate</span> <span class='ocrx_word' id='word_1_206' title='bbox 212 3135 385 3232; x_wconf 88' lang='lat' dir='ltr'>solutior,</span> <span class='ocrx_word' id='word_1_207' title='bbox 411 3157 481 3232; x_wconf 87' lang='lat' dir='ltr'>qna</span> <span class='ocrx_word' id='word_1_208' title='bbox 496 3135 617 3210; x_wconf 74' lang='lat' dir='ltr'>caudae</span> <span class='ocrx_word' id='word_1_209' title='bbox 637 3139 781 3232; x_wconf 88' lang='lat' dir='ltr'>jacent,</span> <span class='ocrx_word' id='word_1_210' title='bbox 805 3137 1036 3226; x_wconf 84' lang='lat' dir='ltr'>multicolor,</span> <span class='ocrx_word' id='word_1_211' title='bbox 1063 3129 1098 3206; x_wconf 82' lang='lat' dir='ltr'>dr</span> 
     </span>
     <span class='ocr_line' id='line_1_30' title="bbox 35 3231 1142 3331; baseline -0.005 -19"><span class='ocrx_word' id='word_1_212' title='bbox 35 3237 215 3324; x_wconf 88' lang='lat' dir='ltr'>discolor,</span> <span class='ocrx_word' id='word_1_213' title='bbox 243 3233 507 3326; x_wconf 71' lang='lat' dir='ltr'>avertimur,</span> <span class='ocrx_word' id='word_1_214' title='bbox 533 3255 726 3330; x_wconf 88' lang='lat' dir='ltr'>numquam</span> <span class='ocrx_word' id='word_1_215' title='bbox 741 3238 833 3331; x_wconf 76' lang='lat' dir='ltr'>ipsa,</span> <span class='ocrx_word' id='word_1_216' title='bbox 857 3233 995 3330; x_wconf 83' lang='lat' dir='ltr'>semper</span> <span class='ocrx_word' id='word_1_217' title='bbox 1010 3231 1096 3331; x_wconf 80' lang='lat' dir='ltr'>alia,</span> <span class='ocrx_word' id='word_1_218' title='bbox 1127 3299 1142 3314; x_wconf 75' lang='grc'>,</span> 
     </span>
     <span class='ocr_line' id='line_1_31' title="bbox 35 3333 1134 3433; baseline -0.004 -21"><span class='ocrx_word' id='word_1_219' title='bbox 35 3339 101 3412; x_wconf 79' lang='lat' dir='ltr'>etse</span> <span class='ocrx_word' id='word_1_220' title='bbox 112 3335 255 3430; x_wconf 85' lang='lat' dir='ltr'>semper</span> <span class='ocrx_word' id='word_1_221' title='bbox 266 3333 338 3433; x_wconf 89' lang='lat' dir='ltr'>ipsa</span> <span class='ocrx_word' id='word_1_222' title='bbox 359 3337 504 3430; x_wconf 91' lang='lat' dir='ltr'>quando</span> <span class='ocrx_word' id='word_1_223' title='bbox 521 3337 610 3428; x_wconf 79' lang='lat' dir='ltr'>elia,</span> <span class='ocrx_word' id='word_1_224' title='bbox 635 3339 773 3410; x_wconf 82' lang='lat' dir='ltr'>totiena</span> <span class='ocrx_word' id='word_1_225' title='bbox 788 3335 943 3426; x_wconf 88' lang='lat' dir='ltr'>denique</span> <span class='ocrx_word' id='word_1_226' title='bbox 960 3344 1098 3408; x_wconf 88' lang='lat' dir='ltr'>mutan·</span> <span class='ocrx_word' id='word_1_227' title='bbox 1130 3372 1134 3382; x_wconf 75' lang='lat'>=</span> 
     </span>
     <span class='ocr_line' id='line_1_32' title="bbox 36 3430 1096 3530; baseline -0.002 -22"><span class='ocrx_word' id='word_1_228' title='bbox 36 3435 104 3530; x_wconf 86' lang='lat' dir='ltr'>da,</span> <span class='ocrx_word' id='word_1_229' title='bbox 130 3437 304 3530; x_wconf 82' lang='lat' dir='ltr'>quotiens</span> <span class='ocrx_word' id='word_1_230' title='bbox 324 3436 518 3515; x_wconf 86' lang='lat' dir='ltr'>movenda.</span> <span class='ocrx_word' id='word_1_231' title='bbox 567 3432 822 3512; x_wconf 81' lang='lat' dir='ltr'>Nominandus</span> <span class='ocrx_word' id='word_1_232' title='bbox 839 3431 890 3508; x_wconf 88' lang='lat' dir='ltr'>est</span> <span class='ocrx_word' id='word_1_233' title='bbox 904 3431 937 3504; x_wconf 74' lang='lat' dir='ltr'>su</span> <span class='ocrx_word' id='word_1_234' title='bbox 951 3430 1096 3530; x_wconf 88' lang='lat' dir='ltr'>serpena</span> 
     </span>
     <span class='ocr_line' id='line_1_33' title="bbox 37 3531 1095 3630; baseline -0.001 -24"><span class='ocrx_word' id='word_1_235' title='bbox 37 3533 123 3610; x_wconf 84' lang='lat' dir='ltr'>licat</span> <span class='ocrx_word' id='word_1_236' title='bbox 137 3553 240 3630; x_wconf 87' lang='lat' dir='ltr'>pone</span> <span class='ocrx_word' id='word_1_237' title='bbox 259 3553 411 3630; x_wconf 84' lang='lat' dir='ltr'>pavum,</span> <span class='ocrx_word' id='word_1_238' title='bbox 436 3555 519 3610; x_wconf 90' lang='lat' dir='ltr'>nam</span> <span class='ocrx_word' id='word_1_239' title='bbox 539 3533 649 3610; x_wconf 80' lang='lat' dir='ltr'>&amp;ille</span> <span class='ocrx_word' id='word_1_240' title='bbox 664 3534 763 3628; x_wconf 89' lang='lat' dir='ltr'>quod</span> <span class='ocrx_word' id='word_1_241' title='bbox 778 3531 922 3610; x_wconf 85' lang='lat' dir='ltr'>sortitus</span> <span class='ocrx_word' id='word_1_242' title='bbox 938 3531 989 3610; x_wconf 89' lang='lat' dir='ltr'>est</span> <span class='ocrx_word' id='word_1_243' title='bbox 1005 3553 1095 3606; x_wconf 91' lang='lat' dir='ltr'>con-</span> 
     </span>
     <span class='ocr_line' id='line_1_34' title="bbox 38 3631 1096 3728; baseline -0.003 -24"><span class='ocrx_word' id='word_1_244' title='bbox 38 3637 173 3728; x_wconf 86' lang='lat' dir='ltr'>vertit,</span> <span class='ocrx_word' id='word_1_245' title='bbox 199 3637 337 3710; x_wconf 87' lang='lat' dir='ltr'>corium</span> <span class='ocrx_word' id='word_1_246' title='bbox 362 3633 541 3712; x_wconf 77' lang='lat' dir='ltr'>&amp;evum</span> <span class='ocrx_word' id='word_1_247' title='bbox 593 3633 776 3728; x_wconf 89' lang='lat' dir='ltr'>Siquidem</span> <span class='ocrx_word' id='word_1_248' title='bbox 800 3649 843 3708; x_wconf 88' lang='lat' dir='ltr'>ut</span> <span class='ocrx_word' id='word_1_249' title='bbox 864 3631 997 3710; x_wconf 84' lang='lat' dir='ltr'>senium</span> <span class='ocrx_word' id='word_1_250' title='bbox 1016 3651 1096 3726; x_wconf 76' lang='lat' dir='ltr'>per·</span> 
     </span>
     <span class='ocr_line' id='line_1_35' title="bbox 35 3727 1095 3830; baseline -0.003 -24"><span class='ocrx_word' id='word_1_251' title='bbox 35 3727 163 3828; x_wconf 84' lang='lat' dir='ltr'>sentit,</span> <span class='ocrx_word' id='word_1_252' title='bbox 186 3735 225 3810; x_wconf 90' lang='lat' dir='ltr'>in</span> <span class='ocrx_word' id='word_1_253' title='bbox 246 3731 416 3830; x_wconf 81' lang='lat' dir='ltr'>angustias</span> <span class='ocrx_word' id='word_1_254' title='bbox 435 3732 560 3829; x_wconf 85' lang='lat' dir='ltr'>stipat,</span> <span class='ocrx_word' id='word_1_255' title='bbox 591 3736 796 3830; x_wconf 85' lang='lat' dir='ltr'>pariterque</span> <span class='ocrx_word' id='word_1_256' title='bbox 814 3731 959 3828; x_wconf 85' lang='lat' dir='ltr'>specum</span> <span class='ocrx_word' id='word_1_257' title='bbox 981 3733 1095 3828; x_wconf 86' lang='lat' dir='ltr'>ingre·</span> 
     </span>
     <span class='ocr_line' id='line_1_36' title="bbox 35 3827 1136 4012; baseline 0.004 -104"><span class='ocrx_word' id='word_1_258' title='bbox 35 3829 142 3908; x_wconf 85' lang='lat' dir='ltr'>diens</span> <span class='ocrx_word' id='word_1_259' title='bbox 157 3829 212 3930; x_wconf 81' lang='lat' dir='ltr'>(dr</span> <span class='ocrx_word' id='word_1_260' title='bbox 233 3845 316 3910; x_wconf 86' lang='lat' dir='ltr'>cute</span> <span class='ocrx_word' id='word_1_261' title='bbox 338 3834 564 4012; x_wconf 39' lang='lat' dir='ltr'>apaliensi</span> <span class='ocrx_word' id='word_1_262' title='bbox 582 3837 625 3909; x_wconf 85' lang='lat' dir='ltr'>ab</span> <span class='ocrx_word' id='word_1_263' title='bbox 645 3829 721 3934; x_wconf 89' lang='lat' dir='ltr'>ipso</span> <span class='ocrx_word' id='word_1_264' title='bbox 738 3827 853 3914; x_wconf 83' lang='lat' dir='ltr'>statim</span> <span class='ocrx_word' id='word_1_265' title='bbox 873 3833 996 4012; x_wconf 61' lang='lat' dir='ltr'>lintiose</span> <span class='ocrx_word' id='word_1_266' title='bbox 1021 3849 1095 3902; x_wconf 82' lang='lat' dir='ltr'>era·</span> <span class='ocrx_word' id='word_1_267' title='bbox 1133 3848 1136 3854; x_wconf 81' lang='grc'>’</span> 
     </span>
    </p>

    <p class='ocr_par' dir='ltr' id='par_1_10' title="bbox 528 3951 1046 4034">
     <span class='ocr_line' id='line_1_37' title="bbox 528 3951 1046 4034; baseline -0.004 0"><span class='ocrx_word' id='word_1_268' title='bbox 528 3957 531 3966; x_wconf 79' lang='grc'><strong>’</strong></span> <span class='ocrx_word' id='word_1_269' title='bbox 580 3955 599 4034; x_wconf 78' lang='lat'>3</span> <span class='ocrx_word' id='word_1_270' title='bbox 987 3951 1046 4032; x_wconf 63' lang='lat'>¹¹⁸2</span> 
     </span>
    </p>
   </div>
   <div class='ocr_carea' id='block_1_8' title="bbox 0 0 1290 4336">
    <p class='ocr_par' dir='ltr' id='par_1_11' title="bbox 0 0 1290 4336">
     <span class='ocr_line' id='line_1_38' title="bbox 0 0 1290 4336; baseline 0 1"><span class='ocrx_word' id='word_1_271' title='bbox 0 0 1290 4336; x_wconf 95' lang='lat' dir='ltr'> </span> 
     </span>
    </p>
   </div>
  </div>
 </body>
</html>
