2638 4342
62 241 69 256 '
166 229 242 316 aad
313 195 1081 328 Q.'Stnr.Ftou.Tanruttrnu⁸1
1212 248 1220 264 ’

167 389 320 468 Aetates
338 411 462 480 oprnea
481 391 592 466 tacita
608 389 776 484 sapientia
789 391 951 486 lustrans,
1070 402 1086 426 '²
1144 412 1150 422 ·

167 489 302 568 Debita
317 487 531 584 suscipiens,
558 491 707 566 cundios
723 493 892 568 inundare
908 506 1067 588 paratus,

68 599 73 604 '
164 589 339 666 Reddere
349 589 474 664 latiori
491 594 648 684 multos,
673 613 764 682 quos
778 590 946 685 sparserat
963 609 1066 666 unus.

123 774 128 793 Ι
148 687 215 785 ,Et
236 692 317 782 quia
334 691 501 763 terribilis
521 705 634 784 puteo
652 689 828 766 demersus
846 693 971 783 iniquo

167 791 239 866 Vir
254 789 404 882 cecidit,
429 789 531 864 suasit
543 792 651 886 virgo
667 787 834 864 subdubia
851 791 1024 884 dracone,

167 883 328 978 Confilio
345 891 502 984 placuit,
529 905 671 987 tegmen
690 889 830 964 coeleste
844 889 1002 989 reliquit,

165 986 300 1088 Arguit
311 991 381 1064 hos
398 989 530 1086 lignum
546 989 685 1082 nudos,
710 1003 809 1064 mora
822 1005 898 1064 atra
916 990 1051 1086 coegit,

165 1083 225 1164 Ex
243 1088 365 1163 eadem
381 1087 485 1164 massa
498 1087 598 1162 simili
616 1091 758 1162 ratione
773 1087 906 1163 tesedia

165 1189 244 1288 Jam
262 1201 461 1280 renovata,
486 1187 580 1260 redit
596 1187 666 1262 flor
684 1191 820 1282 carnia,
846 1185 1035 1282 &hospita
1048 1192 1154 1286 paeia
1188 1222 1196 1242 .

164 1289 317 1386 Virgine
333 1285 503 1382 desponsa
517 1307 603 1362 caro
621 1307 699 1362 non
716 1309 763 1364 eo
782 1286 912 1364 senine
929 1301 1019 1362 nato

163 1383 309 1480 Artifici
327 1387 517 1481 conjundta
530 1384 616 1482 suo,
640 1389 714 1462 stne
729 1388 854 1462 debito
875 1391 1003 1462 mortis

164 1483 326 1586 Angelus
345 1487 421 1562 haec
434 1487 600 1566 mandata
616 1487 752 1581 Patris,
776 1507 841 1582 per
857 1485 968 1561 sidem
982 1485 1114 1580 defert,

164 1585 323 1680 Lucida,
346 1601 390 1660 ut
407 1588 567 1684 angelica
582 1587 772 1662 credantur
790 1587 920 1660 nuncia
932 1585 1038 1667 sarna,

165 1685 332 1782 Virginis·
342 1700 385 1760 ut
400 1687 531 1784 virgo,
558 1687 673 1760 carnia
690 1707 775 1759 caro
792 1687 913 1760 debita
929 1683 1057 1759 solvat

163 1783 314 1862 Talibus
333 1785 502 1884 ingressus
520 1785 676 1878 sequitur
697 1785 843 1882 vestigia
862 1787 989 1860 nortis

163 1885 339 1968 Paruulus
355 1888 535 1981 immanis,
561 1886 700 1982 senior,
725 1906 838 1981 puer,
866 1885 1063 1982 &Juvenis
1078 1886 1150 1968 vir.

33 2067 38 2072 ,
164 1985 251 2064 Post
267 1987 330 2061 ubi
343 1985 434 2080 justa
451 1986 522 2058 viri
541 1987 723 2081 completa
742 1984 794 2060 est
811 1983 955 2060 roboria
976 1999 1074 2081 aetas,

163 2085 337 2166 Paulatim
357 2081 482 2163 solitus
498 2085 594 2158 socia
610 2085 805 2182 deperdere
820 2086 914 2158 uita:

52 2267 54 2274 ,
160 2189 206 2267 ln
220 2186 330 2274 soedas
348 2185 454 2258 etiarn
466 2203 570 2282 rugas
586 2183 760 2260 &inertia
773 2185 938 2260 membra·

162 2285 302 2368 Mutari
318 2285 435 2380 specie
448 2287 610 2358 vacuatis
628 2283 793 2382 sanguine
808 2287 911 2358 venis
1004 2323 1006 2328 .

48 2412 53 2418 ·
163 2385 360 2484 Constitit,
385 2384 479 2459 haud
495 2385 654 2459 habitum
674 2383 787 2479 pallus
806 2379 1030 2460 veterascere
1043 2387 1177 2486 carnis,

45 2563 48 2568 ,
74 2468 80 2501 ⁸
163 2493 297 2592 Quave
312 2503 455 2572 manunt
468 2486 631 2560 extendit
645 2497 781 2560 temere
796 2485 1007 2580 contingere
1020 2485 1170 2582 lignum,

161 2593 250 2766 flua
267 2585 344 2678 die,
371 2603 495 2676 quove
508 2586 598 2658 loco
615 2584 746 2658 cecidit
760 2584 960 2659 clarissimus
973 2583 1103 2682 Adanr,

201 2709 249 2760 oc
262 2686 437 2760 redeunte
455 2683 512 2758 die
529 2685 766 2759 volventibus
785 2685 886 2758 annis

162 2783 330 2868 lastadio
345 2781 451 2880 ligni,
477 2781 584 2858 sortis
601 2781 806 2880 congressus
822 2783 969 2877 athleta,

127 2977 131 2980 ,
161 2883 410 2976 Extenditque
426 2885 570 2977 manus,
596 2905 735 2980 poenarn
750 2883 871 2980 &pro
890 2883 994 2958 laude
1008 2881 1150 2963 secutur

132 3025 135 3036 ·
161 2984 315 3064 Devicit
333 2995 510 3078 mortem,
535 2985 618 3076 quia
629 2997 784 3072 mortem
797 2981 925 3079 sponte
939 2985 1096 3078 reliquit.

9 3147 11 3154 .
160 3087 275 3172 Exuit
288 3082 437 3160 exuvias
458 3084 593 3178 cantis,
619 3083 655 3156 dt
676 3084 796 3157 debita
812 3085 960 3173 mortis;

163 3183 347 3282 Serpentis
362 3180 514 3278 spolium
534 3181 679 3258 devidio
699 3185 859 3277 principe
875 3183 998 3258 mundi

162 3285 291 3374 Afflxit
304 3283 426 3380 ligno,
451 3281 653 3380 refugarum
669 3283 820 3356 immane
834 3283 1046 3376 tropheum.
1096 3318 1101 3344 a
1254 3337 1262 3356 .

161 3385 206 3464 ln
222 3384 321 3478 cujus
337 3381 471 3478 signum
489 3379 613 3459 Moses
630 3381 857 3475 suspenderat
875 3399 1040 3480 anguem,
1081 3423 1082 3426 κ
1107 3417 1111 3425 -

144 3485 219 3560 ·Ut
233 3491 418 3576 quotquot
431 3481 572 3555 struant
587 3471 707 3556 multis'
727 3479 950 3578 serpentibus
966 3482 1043 3576 idti,
1188 3543 1200 3564 .

162 3581 376 3678 Aspicerent
389 3579 499 3674 ipsum
520 3577 641 3658 nuum
652 3578 835 3674 fixumque
851 3581 1056 3658 draconeto.

159 3681 248 3764 Post
263 3680 325 3755 ubi
341 3677 492 3754 secretas
507 3679 639 3756 inferni
657 3681 760 3755 venit
777 3681 820 3754 ad
836 3683 962 3776 undas,

161 3783 287 3876 Atque
308 3779 407 3852 suum
425 3779 542 3858 vietor
562 3781 746 3877 captivum
763 3782 850 3855 luce·
859 3783 1006 3876 retexit,
1165 3817 1170 3820 -
1315 3859 1318 3884 1

104 3873 110 3882 “
158 3879 320 3980 Astanti,
340 3875 540 3978 jussumque
554 3879 670 3994 sauia
683 3881 823 3960 virum
835 3884 995 3984 peregit,

1051 3977 1176 4115 Sport-

1285 591 1318 676 n
