2572 4336
480 245 685 300 εει-.-
843 190 861 308 ’,
969 199 978 245 ³
1033 224 1107 296 Ἐ

4 380 9 425 ²
53 361 144 450 dam
164 365 209 448 in
230 361 325 475 ejus
334 361 476 452 liuline
489 358 994 468 mouenmatlvcrterem,
1011 387 1108 452 oona
1152 449 1157 459 ,
1178 328 1186 357 ’

50 478 180 578 stitui,
220 477 325 564 hanc
350 479 519 566 alteram
535 478 588 566 ad
614 497 655 566 te'
681 479 895 593 epistolam
918 505 1104 584 exarare,
1153 571 1155 586 ⁴
1207 567 1210 574 ,
1257 558 1261 568 ,

51 611 133 678 tam
149 617 252 678 meae
270 593 325 680 ob
344 619 503 680 novum
519 593 771 682 beneficium
784 595 889 682 mihi
907 595 951 684 ἅτ
965 592 1108 708 patria
1199 650 1208 678 .

49 731 150 792 meae
178 705 396 810 collatum,
434 709 722 822 gratitudinis,
763 737 890 824 quam
913 733 1108 796 nieorum
1185 760 1186 768 κ

48 819 99 906 ad
121 820 306 908 eruditos
331 825 415 910 mei
429 821 678 914 Tertulliani
699 821 899 928 ledorcs,
932 823 1108 913 utonito·

1 983 2 986 κ
49 959 173 1038 rom,
206 935 330 1022 fidam
354 941 637 1052 interpretem.

130 1109 224 1200 Hac
252 1118 392 1200 autem
419 1113 657 1218 occafione,
689 1113 733 1202 δι
757 1111 834 1200 hac
857 1113 1027 1226 epistola
1049 1110 1135 1204 in*

48 1249 232 1340 terprete
257 1229 457 1330 itautar,
481 1251 556 1331 ut,
594 1257 647 1318 ne
670 1223 794 1315 nudis
819 1225 1107 1344 brevibusque

47 1363 212 1428 tantum
236 1337 375 1430 verbis
451 1368 541 1430 atus
563 1343 666 1455 fim,
694 1345 737 1430 in
755 1367 802 1430 ea
821 1367 1017 1458 tanquam
1044 1371 1108 1444 u·

46 1449 165 1542 blicae
192 1453 288 1542 fidei
305 1455 395 1570 pub
428 1459 551 1660 effic
571 1455 668 1546 usus
692 1455 850 1560 charta,
878 1463 982 1547 e'unr
1049 1474 1109 1546 er·

46 1567 221 1658 tulliano
248 1573 291 1656 in
322 1597 440 1660 remo
504 1599 606 1660 unas
636 1596 772 1658 aetates
804 1569 1028 1674 duratura,
1056 1617 1109 1640 -·

1 1698 15 1721 ‘·
45 1687 189 1885 primo
204 1681 363 1772 debitas
381 1679 480 1774 huic
508 1707 590 1772 tuae
607 1683 754 1798 opellae
771 1683 913 1772 laudes
928 1711 981 1772 ex
997 1714 1107 1789 meo,
1140 1688 1149 1708 “
1212 1742 1219 1759 ·

110 1798 306 1886 concordi
319 1803 533 1904 omniurn,
563 1803 636 1920 qui
656 1827 746 1886 eam
762 1799 975 1916 legerunt,
1001 1799 1109 1913 judi·
1152 1803 1192 1909 κ’
1245 1846 1250 1855 =

50 1915 118 1999 cio
145 1913 350 2028 tribuam3
388 1911 525 2032 palam
553 1918 730 2018 testans,
767 1918 942 2002 inveniri
974 1915 1017 2004 &
1041 1915 1111 2002 hic
1214 1944 1221 1963 ·

52 2051 197 2114 omnes
218 2033 531 2150 praerogativas,
568 2055 661 2148 quae
680 2029 877 2118 omnibus
903 2033 985 2116 tuis
1012 2055 1110 2143 ope·
1189 2049 1192 2058 ’

1 2213 2 2217 t
46 2137 197 2246 ribus,
232 2171 491 2262 quocunque
527 2143 597 2232 illa
626 2139 768 2230 scribis
802 2141 1028 2250 idiomate,
1066 2144 1110 2230 li

45 2281 120 2362 ve,
134 2253 304 2364 Tusco,
350 2261 432 2348 five
459 2257 614 2362 latino,
660 2263 840 2374 propria
865 2261 985 2374 sunt3
1033 2257 1121 2346 illi-⁴
1256 2281 1258 2284 ·

46 2365 189 2458 batam
217 2371 369 2490 linguae
398 2375 651 2488 puritatem,
696 2368 943 2491 elegantiam
980 2371 1109 2463 nullis
1157 2374 1162 2391 ’

46 2487 280 2606 pigmentis
305 2491 555 2594 coloratam,
583 2485 907 2604 suavitatemque
934 2485 1107 2604 exquisi-

45 2621 133 2688 tam
162 2599 273 2706 stili,
510 2620 514 2628 ·

53 2832 57 2843 ·
132 2776 370 2894 visumque
396 2803 468 2866 me
487 2777 591 2868 milti
620 2775 700 2868 elle
729 2781 835 2866 inter
860 2775 1112 2897 legendum,

45 2891 164 3010 quast
179 2897 399 2980 comitarer
424 2917 466 2980 te
484 2897 844 3008 peregrinantem,
875 2893 919 2983 dc
933 2893 1111 3010 praesens

46 3023 268 3096 cernerem
287 3011 450 3112 virum,
479 3011 615 3096 onmis
636 3033 753 3096 terrae
770 3013 928 3112 civem,
957 3009 1061 3098 nihil
1086 3037 1114 3096 a

43 3121 87 3210 se
105 3119 293 3211 alienam
308 3147 548 3238 putantem,
579 3127 718 3210 omnia
733 3121 1041 3226 observantem,
1064 3121 1112 3209 li-

40 3235 154 3326 hero
172 3239 312 3324 omnia
331 3235 375 3324 dc
387 3263 509 3352 atquo
527 3237 677 3339 oculo,
694 3235 807 3326 nulla
822 3249 1113 3354 praeoccupato

44 3355 254 3464 opinione
297 3374 533 3464 corrupto,
585 3355 849 3466 intuentem3
894 3353 939 3440 81
971 3349 1113 3442 confe-

46 3465 117 3552 ἃο
181 3463 265 3554 uasa
298 3489 438 3554 tecum
460 3469 609 3553 itincre
631 3493 718 3556 aon
743 3465 935 3582 scriptam
966 3470 1114 3582 episto-

48 3573 133 3666 lam
152 3493 333 3694 legerim
348 3637 363 3682 ,
406 3578 476 3666 sed
503 3583 609 3668 intra
641 3579 834 3670 secretius
859 3581 936 3672 Ele
967 3581 1113 3668 hantu-
1229 3659 1234 3672 .

49 3693 98 3776 rii
118 3699 180 3780 tui
196 3691 444 3782 cubiculum
460 3719 600 3782 tecum
618 3695 811 3784 tdmillus
832 3610 1113 3786 amaseorum

1 3841 2 3851 ¹
45 3803 283 3897 audiverim
308 3831 350 3896 te
371 3811 511 3898 auimo
536 3831 621 3898 tam
648 3813 858 3932 ingenuo,
894 3811 1113 3927 colloquio
