2926 4372
1345 145 1346 186 i

174 275 181 286 ι
274 211 1204 362 ἷιόᾏ,ρ.εἰὶτῗῗιοίζῗηᾶυίιὶικι

271 403 321 507 [da
338 399 533 484 observato
556 417 737 500 precepto
757 399 985 500 primordiale
1001 399 1073 498 jam
1097 387 1259 501 delitlum
1281 410 1329 478 er·-

312 503 443 584 iaretur
454 515 477 600 ,ξ
490 520 531 579 ut
546 507 658 580 homo
677 521 741 598 per
760 503 908 580 eandem
923 505 1106 579 materiam
1124 499 1244 578 causa
1260 499 1328 579 satir

283 527 372 686 iaeo
389 605 498 684 faciat
510 625 574 700 per
593 625 697 697 quam
713 602 935 694 offenderam
959 604 995 698 id
1012 603 1062 676 est
1072 623 1138 696 per
1156 604 1223 676 cibi
1235 605 1330 678 inter·

273 695 495 801 dationem:
521 719 629 796 atque
649 705 699 776 ita
718 701 862 777 salutem
878 705 1006 776 aemulo
1023 703 1137 778 modo
1157 702 1331 781 redaceea

284 807 389 882 deret
406 799 544 896 inedia,
569 801 659 894 sieut
676 797 878 876 extinxerat
899 799 1034 900 sagina,
1060 821 1130 898 pro
1152 804 1261 876 unico
1278 801 1331 878 illi·

247 893 252 916 '
284 907 361 980 cito
378 907 480 1000 plura
494 903 591 977 licita
606 913 853 978 contemnens.
964 909 986 952 t

360 1029 395 1098 4.
421 1004 510 1081 Hac
525 1003 618 1075 ratio
634 1001 840 1076 servabatur
859 999 952 1096 apud
971 999 1239 1095 providentiam
1258 1001 1332 1096 Dd,

215 1115 221 1135 ·
273 1093 352 1204 pro
370 1103 600 1197 'temporibus
627 1099 747 1179 omnia
779 1101 1023 1195 moderantis,
1058 1119 1105 1175 ne
1128 1103 1205 1194 quis
1227 1119 1273 1176 ex
1292 1101 1333 1176 di·

273 1200 390 1279 'verso
418 1203 462 1276 ad
487 1199 718 1294 dejiciendam
744 1201 1029 1296 propontionem
1056 1195 1243 1297 nostram,
1283 1221 1333 1276 cta

272 1326 395 1420 ⁴ergo,
423 1301 539 1394 dicat,
567 1319 643 1374 non
661 1297 776 1374 statim
793 1299 893 1373 Deus
917 1301 1066 1392 aliquam
1084 1297 1201 1373 riuus
1218 1299 1334 1376 consti

270 1417 354 1512 5tuat
378 1395 670 1497 castigationem?
704 1400 862 1492 quinimo
884 1399 918 1472 dr
940 1399 1039 1473 auxit
1057 1397 1334 1494 penniffionemt

278 1493 400 1596 Nam,
434 1499 471 1574 in
489 1500 687 1596 primordio
705 1498 845 1592 quidem
862 1498 1047 1572 herbidum
1066 1497 1335 1576 solummodo&

269 1587 476 1678 'arboreum
502 1599 638 1674 homini
661 1600 830 1694 pabulum
851 1597 1049 1680 addixerat:
1085 1599 1164 1670 Ecce
1195 1603 1273 1674 dedi
1292 1623 1335 1674 aa

272 1689 330 1776 ¹iis
347 1727 436 1774 omne
451 1701 578 1794 famum
592 1699 807 1787 sementivum
819 1701 982 1790 seminans
995 1699 1120 1787 semen,
1145 1703 1228 1798 qnod
1245 1701 1285 1799 ιβ

267 1783 334 1902 ’per
356 1801 492 1874 teriam:
526 1795 566 1876 d
583 1823 670 1869 omne
684 1799 823 1892 digitum,
849 1799 928 1897 quod
942 1797 1036 1872 dedet
1050 1805 1088 1872 im
1101 1801 1266 1897 semetipso
1299 1825 1337 1870 ra·

277 1901 365 1976 tium
372 1899 506 1990 seminis
521 1898 689 1985 amantior·
696 1945 706 1984 ‚
726 1897 813 1968 vobis
828 1901 890 1969 erit
905 1903 941 1968 in
956 1899 1060 1989 estam.
1107 1895 1243 1988 Postea
1260 1918 1338 1977 ven)

279 1995 327 2078 ad
348 1995 463 2091 Noe,
503 2003 711 2072 enumerata
731 1995 949 2092 subjedtione
971 1999 1132 2080 omnium
1160 1999 1339 2075 bestiarum

268 2089 410 2190 '.terrae,
438 2095 688 2172 &volatilium
702 2097 803 2190 coli,
831 2095 1156 2171 &moventiumin
1173 2096 1340 2198 terra,d

269 2191 430 2292 ¹piscium
447 2194 635 2290 maris‚.&
651 2197 765 2270 omnis
780 2189 970 2289 serpentis:
996 2211 1110 2288 munt,
1137 2199 1288 2300 inquit,
1301 2223 1341 2271 or·

264 2293 326 2392 ‘bis
345 2299 382 2367 in
401 2295 519 2386 escam:
542 2295 636 2368 velut
652 2297 759 2368 holera
773 2293 857 2385 {oni
871 2298 938 2368 dedi
958 2295 1046 2370 vodis
1062 2302 1235 2389 arriverso.
1296 2303 1341 2376 Vi-

269 2421 351 2474 ,νυνι
373 2419 498 2468 comem
520 2399 558 2468 io
576 2395 733 2490 sanguine
752 2401 866 2468 anima
882 2405 947 2486 Juae
966 2421 1030 2467 non
1054 2399 1176 2471 ederim
1212 2397 1341 2472 nam&

277 2487 355 2570 hoc
371 2492 446 2589 ipso
461 2491 558 2586 quod
578 2515 654 2568 eam
669 2491 778 2570 solam
792 2513 936 2570 carnem
951 2497 1094 2591 eximit,
1112 2497 1223 2590 cujus
1241 2502 1340 2572 anina

276 2614 357 2668 non
375 2615 440 2688 per
460 2591 661 2692 sanguinem
681 2591 900 2688 effunditur,
932 2593 1219 2690 omnis·reliqtrae
1240 2596 1340 2672 carni

263 2683 379 2782 ⁸usum
404 2687 605 2768 conceffiffe
626 2689 847 2769 manifestum
866 2693 926 2770 est.
983 2689 1043 2768 Ad
1062 2694 1140 2770 haec
1153 2695 1341 2792 responde

261 2811 379 2887 ¹ttius,
407 2813 483 2866 non
504 2791 711 2887 competisse
731 2793 874 2868 onerari
894 2791 1075 2868 hominem
1092 2795 1343 2888 aliqua'adhut

275 2885 495 2964 abstinentiae
517 2895 617 2988 lege,
652 2889 712 2983 qui
737 2913 817 2968 cum
833 2895 985 2968 maxime
1004 2905 1078 2967 tam
1091 2895 1226 2972 levem
1249 2899 1343 2971 inter·

147 3035 149 3042 ,
277 2987 472 3066 didtionem
499 2993 602 3064 unius
629 2991 763 3066 scilicet
784 2992 882 3086 pomi
901 2993 1068 3066 tolerare
1097 3011 1179 3067 non
1210 2993 1345 3091 pouit:

273 3087 456 3164 remissum
477 3087 598 3182 itaquo
619 3089 717 3164 illtun
739 3091 905 3163 libertate
924 3087 996 3183 ipso
1014 3091 1345 3170 corroborandam.

278 3187 404 3280 Atque
420 3187 501 3282 post
518 3189 691 3264 diluvium
710 3191 747 3262 in
766 3187 1026 3264 reformatione
1040 3193 1190 3288 generis
1211 3190 1346 3269 humari

274 3281 447 3362 suffecisse
468 3308 575 3362 unam
599 3288 741 3361 interim
765 3287 882 3382 legem
904 3307 924 3361 a
949 3287 1114 3386 sanguine
1134 3291 1346 3373 abstinendi.

258 3383 443 3484 ,permisso
463 3387 527 3459 usu
544 3399 767 3464 caeterorum.
818 3384 895 3484 Jam
918 3389 1014 3463 enim
1031 3385 1221 3482 judicium
1248 3387 1346 3468 doni¹

144 3559 149 3573 ,
273 3505 342 3559 nus
358 3485 562 3560 ostenderat
581 3505 646 3577 per
664 3485 859 3560 diluvium:
886 3485 1002 3562 adhue
1019 3489 1127 3564 etiam
1148 3493 1346 3567 commina

260 3595 333 3674 ‚tus
359 3581 477 3658 suerat
497 3601 561 3678 per
586 3583 858 3676 exquisitionem
881 3585 1054 3684 sanguinis
1077 3588 1122 3662 de
1148 3609 1282 3666 manu
1297 3587 1346 3666 fra

273 3682 340 3753 tris
360 3682 394 3752 dr
409 3683 453 3754 de
473 3699 580 3756 manu
598 3681 727 3760 bestie.
779 3681 907 3760 Omnis
926 3687 1046 3779 itaque
1060 3687 1253 3782 justitiam
1272 3685 1346 3784 jud

168 3849 172 3860 ,
259 3779 322 3872 ,ςίἱ
336 3781 606 3873 praeministrans
623 3784 806 3858 materiam
826 3783 1001 3860 libertatis
1026 3785 1165 3884 emisit,
1198 3811 1281 3886 per
1302 3804 1346 3876 vt

272 3878 368 3954 niam
390 3877 580 3974 supparans
604 3875 847 3985 disciplinam,
879 3885 1092 3982 permittet-u
1118 3893 1290 4066 onrdnia,
1320 3893 1346 3954 tl

761 3989 778 4010 ⁴
807 3989 837 4010 '⁴
1205 4008 1315 4067 emo
1345 4053 1346 4056 a
