2596 4336
185 289 258 374 484
343 233 1096 418 Q.·Ssrr.FuortTarrutranr‘
1209 355 1213 366 ,

38 491 50 513 η,
184 437 363 529 versitatis
387 433 548 509 dosii-ina
567 433 645 508 haec
663 431 731 508 est:
757 431 862 508 Duos
876 433 1041 510 homines
1057 431 1100 505 ab
1118 433 1267 531 angelis

39 530 43 553 ¹
185 535 429 627 constitutos,
457 535 545 608 Cain
562 534 721 608 &Abelz
746 549 898 627 propter
916 533 985 608 hos
1000 551 1144 628 magnas
1160 535 1268 608 inter

186 639 335 732 angelos
355 635 612 708 contentiones
629 633 664 706 δι
681 630 873 706 discordias
893 631 1065 706 extitisse:
1092 634 1143 706 ob
1161 635 1265 708 hanc

185 734 337 812 caussam
357 737 452 808 illam
471 735 643 821 virtutem
663 751 740 824 que
761 736 864 826 super
885 751 1010 810 omnes
1036 731 1194 806 virtutes
1212 733 1265 808 es

166 831 265 926 set,
299 831 404 926 q'uam
423 847 573 908 matrem
597 833 860 926 pronuntiant,
886 832 969 906 dum
990 828 1084 904 Abel
1106 832 1264 908 interfe-

187 937 281 1010 eum
308 935 491 1029 dicerent,
518 931 671 1006 voluilie
694 933 839 1026 concipi
865 929 1016 1013 &nasci
1041 932 1139 1004 hunc
1168 931 1263 1008 Seth

184 1038 274 1111 loco
295 1033 444 1108 Abelis:
477 1048 519 1106 ut
541 1047 805 1106 evacuarentur
827 1031 940 1128 angeli
966 1032 1042 1125 illi,
1075 1034 1136 1124 qui
1161 1033 1262 1108 duos

184 1135 327 1232 priores
351 1135 433 1208 ilios
457 1133 620 1208 homines
645 1129 898 1206 condidissent:
931 1131 1014 1204 dum
1038 1131 1113 1204 hoc
1135 1130 1261 1208 semen

185 1235 357 1312 mundum
374 1233 489 1306 oritur
503 1233 538 1306 dr
550 1231 717 1306 nascitur.
743 1229 1004 1304 Permixtiones
1022 1231 1115 1303 enim
1128 1229 1261 1306 dicunt

187 1337 398 1430 angelorum
414 1333 645 1406 &hominum
663 1331 800 1424 iniquas
818 1329 942 1404 sitisse:
969 1331 1018 1404 ob
1038 1351 1142 1422 quain
1160 1330 1260 1406 caus·

184 1435 256 1508 sam
273 1437 366 1507 iilam
382 1434 556 1504 virtutem
571 1451 676 1522 quam
693 1429 804 1525 (sicut
818 1427 992 1528 diximus)
1008 1434 1260 1523 pronunciant

184 1549 357 1624 matrem,
385 1534 427 1604 ad
452 1531 643 1606 vindiciam
664 1534 769 1604 etiam
790 1529 1041 1624 cataclysmum
1065 1531 1260 1627 inducere,

184 1647 229 1706 ut
244 1633 278 1704 u
295 1631 382 1704 inus
402 1631 649 1725 permixtionis
668 1614 785 1704 seben
805 1631 1017 1704 tolleretur:
1051 1627 1181 1706 onoc
1203 1630 1259 1706 so

185 1733 261 1808 luni
284 1731 423 1823 semen,
451 1731 549 1824 quod
576 1729 663 1830 esset
683 1750 833 1824 purum,
861 1731 1037 1825 integrum
1058 1727 1259 1806 custodire·

48 1871 52 1880 ‚
96 1901 100 1910 ,
185 1845 258 1906 tur.
311 1831 381 1905 Sed
410 1833 503 1904 enirn
524 1831 607 1902 illos
632 1835 706 1922 quo
730 1828 868 1904 seminis
892 1829 972 1902 illos
993 1829 1136 1922 priores
1163 1831 1258 1906 insti·

185 1929 353 2023 tuissent,
378 1931 527 2002 occulte
550 1928 778 2021 diluentes,
804 1927 1043 2026 &ignorante
1062 1927 1124 2002 illa
1137 1945 1257 2008 malsc

183 2032 354 2122 virtute,
388 2029 561 2102 cumillis
586 2026 672 2099 osio
699 2030 881 2102 animabus
907 2029 944 2102 in
969 2047 1086 2102 arcam
1113 2029 1256 2126 misisse,

189 2131 298 2204 etiam
313 2127 429 2202 semen
446 2127 582 2219 Chuni,
607 2148 682 2218 quo
705 2124 822 2202 semen
843 2129 984 2202 malitie
1004 2147 1080 2200 non
1102 2131 1256 2228 periret,

183 2225 246 2304 scd
272 2249 353 2301 cum
376 2230 504 2300 ceteris
526 2223 804 2320 conservatum,
837 2227 872 2300 dt
898 2226 979 2322 post
999 2225 1254 2322 cataclysmum

184 2329 293 2400 terris
312 2327 511 2417 redditum,
538 2327 705 2420 exemplo
725 2343 931 2403 ceterorum
946 2323 1198 2424 excresceret,
1224 2329 1256 2404 dt

186 2425 453 2517 effiinderetur,
483 2427 653 2500 &totum
671 2425 797 2502 orbem
816 2425 1077 2522 &impleretdi
1094 2447 1253 2524 occupa·

185 2541 254 2602 ret.
306 2527 365 2601 De
380 2525 523 2600 Christo
544 2539 664 2602 autem
683 2527 731 2600 sic
751 2523 928 2620 sentiunt,
956 2525 1135 2601 utdicaiit
1154 2529 1254 2606 illum

114 2681 124 2698 „
184 2628 462 2720 tantummodo,
488 2623 547 2702 sed
562 2624 678 2718 &pro
699 2623 797 2722 ipso,
823 2623 882 2700 sed
898 2625 1009 2720 ipsum
1028 2623 1145 2702 fuisse.

171 2723 174 2728 “
262 2735 318 2804 48.
338 2725 577 2820 Carpocrates
588 2723 1112 2820 pretemhanctulitsellam:
1129 2725 1253 2805 Unam

162 2823 257 2899 ·else
280 2827 368 2897 dicit
385 2828 575 2914 virtutem,
601 2825 639 2898 iu
660 2823 903 2917 superioribus
923 2827 1182 2920 principalem,
1210 2845 1252 2902 ex

185 2923 256 2999 hac
275 2926 439 3017 prolatos
465 2925 641 3019 angelos,
675 2937 784 3014 atque
807 2927 983 3018 virtutes,
1009 2945 1102 3017 quos
1123 2925 1252 3004 distan-

185 3037 244 3098 tes
262 3025 371 3120 longe
386 3043 406 3096 a
422 3021 663 3118 superioribus
679 3025 875 3118 virtutum,
899 3025 1073 3100 mundum
1090 3023 1200 3100 istum
1216 3029 1253 3105 iil

185 3123 419 3198 inferioribus
448 3124 608 3217 partibus
636 3123 861 3212 condidiffe3
896 3119 1076 3202 Cnristu'm
1099 3143 1181 3198 non
1208 3141 1251 3202 ea

110 3223 119 3232 “
185 3225 327 3319 uirgine
351 3219 467 3294 Maria
487 3236 641 3316 natum,
672 3221 732 3296 sed
753 3221 949 3298 exsemine
971 3220 1106 3320 Joseph
1129 3223 1264 3318 homi.

184 3339 269 3396 nem
291 3321 545 3396 tantummodo
561 3325 744 3415 genitum,
771 3319 854 3394 sane
874 3345 948 3418 pre
962 3323 1093 3397 ceteris
1103 3323 1255 3415 iustitia

185 3424 306 3512 cultu,
325 3422 408 3492 vite
425 3421 631 3516 integritate
646 3423 855 3511 meliorema
880 3423 978 3495 hunc
991 3421 1084 3517 apud
1102 3423 1250 3518 Judeos

181 3518 339 3614 palium,
366 3519 475 3593 solam
501 3523 652 3592 animam
678 3521 784 3613 ipsius
798 3523 835 3593 iu
852 3526 947 3594 coelo
962 3535 1172 3616 receptam,

171 3619 284 3710 'quod
301 3618 335 3689 o
351 3615 490 3692 firmior
505 3617 539 3692 ἀ
554 3617 735 3692 robustior
752 3639 796 3692 ex
816 3624 947 3694 ceteris
960 3619 1090 3695 filerit:
1117 3620 1152 3694 tr
1172 3643 1245 3715 que

185 3719 375 3812 colligeret
397 3731 536 3792 tentata
552 3721 747 3794 animarum
770 3717 845 3794 sola
861 3717 995 3812 salute,
1008 3777 1013 3786 ,
1027 3722 1146 3794 nullas
1168 3739 1246 3794 cori

183 3819 284 3909 poris
310 3815 598 3894 resurrectiones.
657 3817 741 3890 Post
764 3819 861 3892 hunc
880 3817 1080 3896 cerinthus
1106 3819 1240 3896 bereti

179 3931 248 3986 'cus
273 3917 392 4009 erupit
401 3911 417 4010 ‚'
444 3915 566 3991 similia
590 3916 741 3993 docens.
793 3915 892 3996 Nam
911 3917 947 3994 si
968 3917 1044 4022 ipse
1069 3921 1239 4094 mffiuul
