2540 4334
173 219 261 316 Ἧι
336 221 385 325 Q.
411 201 546 306 isar}
567 178 716 296 Fron.
741 203 1110 294 Τιιιιιιιιιιιι

181 369 344 477 Propter
366 379 466 477 quod
486 377 521 454 dt
540 379 577 456 in
597 378 799 474 primordio
820 389 990 456 extranea
1009 371 1151 470 spiritus
1172 351 1261 452 faita

188 481 263 576 est,
291 487 391 568 Νιη,
416 479 554 575 inquit,
576 479 776 577 permanebit
791 481 932 576 spiritus
953 501 1036 550 meur
1058 482 1097 546 in
1119 476 1194 577 istis
1213 479 1261 548 Ιιι-

188 582 327 656 minibus
346 587 385 651 iu
405 605 526 667 mum,
551 605 584 652 eo
605 581 773 678 quod-caro
784 579 866 677 fini.

265 705 298 760 a.
323 681 450 776 Itaque
469 681 707 777 monogamiae
725 675 941 774 disciplinam
960 680 999 754 in
1021 675 1185 751 haerefim
1206 695 1261 750 ex·

189 783 381 884 probrant,
395 801 466 854 nec
480 781 552 853 ulla
568 782 678 876 mpgis
697 801 743 856 ex
759 779 873 854 caussa
888 781 1111 871 paracletum
1129 797 1258 872 negare

190 895 395 980 coguntur,
422 900 525 976 quarn
547 879 629 952 durn
651 879 851 956 existimant
870 901 978 954 nouae
999 875 1197 969 disciplinae
1214 877 1257 950 in-

189 979 423 1072 stitutorem,
449 979 488 1052 dt
502 979 645 1073 quidem
659 979 840 1056 dutiffirnae
856 981 950 1067 illis3
977 992 1022 1050 ut
1032 977 1103 1069 jam
1124 975 1177 1052 de
1194 976 1257 1050 hoe

189 1082 345 1184 primurn
369 1077 628 1153 consistendum
650 1079 713 1172 lit,
739 1081 776 1154 in
795 1079 950 1176 generali
970 1075 1195 1170 retractatu,
1221 1097 1256 1150 an

190 1183 310 1278 capiat
323 1182 543 1274 paracletum
556 1179 686 1274 aliquid
704 1183 777 1254 tale
790 1177 969 1271 docuisse,
996 1177 1097 1269 quod
1115 1192 1186 1250 aut
1200 1197 1256 1249 no

32 1343 35 1356 .
188 1301 280 1356 vum
306 1279 470 1376 deputari
494 1277 623 1372 possit,
658 1278 825 1354 adversus
849 1279 1072 1354 Catholicanr
1095 1278 1256 1350 traditio·

189 1401 299 1472 nem,
330 1394 393 1452 aut
417 1375 611 1453 onerosum
636 1377 804 1463 adversus
828 1381 927 1452 levem
948 1381 1107 1464 sarcinam
1133 1380 1257 1452 dmin.

118 1567 127 1576 ,
179 1479 254 1562 ¹De
277 1491 436 1574 utroque
459 1493 578 1556 auten
606 1477 679 1576 ipse
709 1479 875 1557 dominus
899 1478 1190 1576 pronunciavitz
1219 1477 1255 1552 dl

92 1595 97 1602 “
192 1599 279 1658 cens
296 1581 390 1656 enirn
405 1581 509 1652 adbuc
524 1579 626 1651 muita
644 1577 738 1652 haber
754 1604 821 1679 qua
833 1581 942 1684 loquar
958 1581 997 1650 ad
1011 1601 1088 1663 vos,
1108 1582 1170 1664 sed
1185 1601 1255 1648 nara

178 1673 268 1756 ‘dum
282 1679 410 1778 potestis
423 1695 553 1780 portare
572 1705 628 1770 aa,
645 1679 723 1752 'cum
740 1685 867 1753 verteris
879 1682 1013 1776 spiritus
1027 1677 1191 1769 sandius,
1217 1680 1254 1766 ilc

178 1796 251 1856 'vos
271 1782 362 1854 ducat
385 1787 423 1853 r'n
447 1803 567 1852 omnem
587 1786 777 1870 veritatem,
802 1777 882 1854 satis
905 1779 1030 1870 utique
1053 1779 1254 1872 praetendil,

177 1889 238 1957 'ea
262 1880 421 1957 assurum
443 1879 570 1974 illum,
603 1901 681 1974 quae
705 1881 740 1955 dt
763 1902 865 1956 nova
892 1877 1081 1953 existimari
1109 1879 1255 1974 posint,

193 1993 238 2055 ut
258 1998 440 2072 nunquam
466 1991 567 2052 retro
590 1979 711 2074 edita,
750 1977 785 2054 dt
811 1981 993 2072 aliquanto
1016 1977 1203 2074 onerosa,
1226 1995 1266 2050 ιι

192 2079 334 2158 idcirco
357 2099 435 2154 non
454 2079 561 2156 edita.
621 2075 744 2176 Ergo,
777 2080 915 2176 inquis,
950 2081 1017 2156 hac
1040 2094 1266 2176 argumenta-¹

178 2181 297 2254 'tione
314 2177 456 2274 quidvis
474 2177 668 2254 novum&
691 2177 883 2256 onerosum
903 2181 1090 2276 paracleto
1117 2179 1254 2254 adscnlri

193 2279 358 2378 poterit,
386 2277 449 2354 etsr
475 2275 519 2356 ab
542 2275 744 2356 adversario
763 2276 887 2372 spiritu
911 2281 1030 2353 fuerit.
1082 2277 1183 2352 Non
1202 2279 1255 2352 ud·

181 2387 278 2474 'que
329 2375 566 2457 Adversarius
582 2381 677 2455 enirn
697 2377 837 2474 spiritus
860 2403 905 2453 ex
918 2377 1126 2452 diversitate
1143 2377 1255 2476 pred·

108 2483 113 2492 '
146 2495 148 2500 ’
194 2479 351 2556 cationis
376 2491 585 2576 appareret,
617 2481 733 2574 primo
755 2481 913 2578 regulam
938 2480 1146 2554 adulterans
1172 2477 1253 2568 fidoi,

132 2588 138 2603 “
195 2579 233 2656 δι
250 2579 302 2654 ita
321 2579 484 2656 ordinem
507 2579 709 2655 adulterans
729 2577 936 2674 disciplinas
963 2579 1044 2672 quia
1067 2579 1179 2670 cujus
1197 2594 1254 2678 gn·

134 2691 137 2699 “
186 2679 263 2753 'dus
277 2679 380 2776 prior
393 2678 464 2770 est,
489 2680 565 2772 ejus
583 2681 791 2775 corruptela
814 2677 1017 2774 antecedit,
1043 2677 1155 2754 idest
1173 2677 1254 2769 fidei,

196 2797 276 2874 quae
292 2779 393 2872 prior
415 2777 465 2854 est
484 2777 674 2876 disciplina.
728 2777 829 2856 Ante
851 2781 927 2872 quis
952 2770 996 2852 de
1017 2779 1102 2853 Deo
1126 2777 1264 2856 haered-2

182 2885 261 2953 'cus
285 2877 328 2952 lit
348 2877 488 2956 necesse
511 2875 581 2974 est,
608 2877 750 2956 &tunc
768 2881 812 2954 de
830 2877 1005 2954 instituto.
1056 2877 1253 2952 Paracletus

181 2985 320 3056 'autern
346 2981 459 3056 multa
483 2979 618 3055 habens
645 2979 824 3075 edocere,
850 2999 927 3074 quae
950 2981 987 3052 ln
1007 2977 1104 3052 illurn
1134 2977 1254 3054 dilluit

197 3077 365 3154 dominus
381 3075 575 3156 secundum
591 3075 885 3174 praefinitionem,
908 3077 1017 3171 ipsum
1033 3079 1159 3170 primo
1173 3077 1254 3154 Clni·

189 3177 290 3255 'stum
316 3179 596 3274 contestabitur,
623 3179 762 3272 qualern
775 3179 971 3271 credimus,
1000 3199 1080 3251 curn
1099 3189 1195 3252 toto
1213 3199 1254 3250 or·

198 3277 284 3354 dine
304 3277 376 3354 Dei
396 3281 596 3374 creatoris,
623 3277 788 3374 &ipsum
810 3277 1044 3378 glorificabit,
1073 3277 1108 3352 dt
1130 3279 1181 3354 de
1195 3275 1255 3376 ipso

110 3391 112 3400 ⁴
183 3379 521 3472 commemorabit:
556 3378 654 3453 &irc
674 3377 719 3454 de
740 3379 928 3476 principali
957 3379 1079 3473 regula
1109 3381 1255 3476 agniuu,

186 3475 407 3574 'illamulta‚
431 3475 899 3580 quasunrdlseipllnarun,
928 3477 1131 3566 revelabit3
1164 3477 1262 3552 fideo'

183 3573 345 3654 'dicente
362 3599 431 3672 pro
451 3579 501 3656 eis
514 3575 721 3674 integritate
738 3577 1020 3674 predicationis,
1035 3577 1125 3652 licet
1144 3579 1262 3668 novit?

185 3677 284 3854 {pulc
301 3697 398 3754 nunc
412 3679 638 3756 revelantur:
670 3679 757 3755 licet
773 3677 955 3769 onerosis,
979 3677 1063 3768 quia
1081 3697 1159 3752 nec
1177 3681 1261 3755 nnis

216 3773 437 3866 ustinemwr
469 3796 546 3856 non
568 3777 713 3856 alterius
735 3791 855 3856 temen
877 3773 1035 3872 Christi,
1071 3799 1186 3869 quarn
1213 3773 1261 3872 qd,

200 3874 386 4000 hederoso
405 3875 775 3974 dissimulando,
799 3897 880 4005 quta
900 3875 1120 3998 aparncleto
1140 3879 1256 4056 {door

305 4019 311 4028 ·
490 4037 493 4045 -
933 4016 937 4025 ·
1166 4001 1226 4058 eo·
