2596 4336
29 196 36 220 f
158 127 1034 283 prorostranrrornuenarrare.
1084 168 1158 292 ⁴⁷5

77 318 199 423 prius
217 317 414 414 rotrone,
446 343 523 396 non
539 317 769 416 competisset
783 317 857 394 line
873 317 1079 415 integritate
1097 337 1161 395 eo«
1182 325 1211 380 0

77 440 188 513 tum,
216 439 280 514 per
296 441 374 511 quae
388 419 550 496 dobtrina
571 419 753 496 tranauit.
802 417 945 492 Etenim
964 417 1049 510 qnid
1070 438 1158 492 con·

13 589 14 616 p
77 521 239 600 narium
259 520 366 594 nobis
383 519 421 594 in
439 519 596 598 uostris?
622 521 708 614 quid
730 519 774 594 de
789 518 940 612 proprio
959 515 1159 612 intulimus,

13 641 17 720 l
75 635 124 696 ut
141 617 280 712 aliquid
297 622 518 694 contrarium
533 620 567 695 ei
586 619 623 694 dr
634 617 672 694 in
687 619 869 718 scripturis
885 615 1158 714 deprehensum,
1258 692 1259 704 Ν

13 721 17 814 l
77 717 314 811 dentitione
338 721 399 794 vel
421 719 621 812 adjedlione
642 721 705 794 vel
725 715 1025 796 transmutatione
1047 739 1161 792 reme·
1257 791 1259 796 ,

13 857 15 878 ·
77 815 294 910 diaremusl
329 819 429 912 quod
455 817 596 913 sumus,
627 821 705 917 hoe
719 817 812 896 sunt.
866 817 956 894 inde
977 813 1160 912 scripture

13 947 16 980 r
78 923 129 996 ab
150 919 261 994 initio
281 916 368 994 suo.
406 917 465 996 Ex
477 921 547 996 iliis
562 919 705 1014 sumus,
732 935 935 1011 antequam
952 915 1160 992 nihilaliter

13 1015 16 1098 l
77 1019 177 1112 suit,
205 1039 311 1112 quam
325 1015 453 1096 sumus.
504 1019 605 1120 Quid
623 1020 779 1112 denique
799 1017 869 1094 fuit
887 1031 1077 1114 antequam
1090 1039 1157 1092 no-

13 1099 16 1194 l
52 1200 55 1209 ,
79 1121 141 1196 bis
162 1119 500 1214 interpolarentur?
534 1119 766 1196 Cumautem
787 1119 902 1197 omnis
921 1117 1159 1210 interpolatio

13 1219 18 1322 i
77 1217 272 1316 posterior
285 1219 465 1294 credenda
478 1217 539 1314 stt,
560 1219 710 1294 venient
722 1219 847 1312 utique
861 1239 906 1306 ex
924 1213 1040 1292 caussa
1055 1237 1161 1294 omu-

13 1337 18 1418 μ
82 1319 238 1394 lationis
255 1315 354 1414 (quae
374 1339 493 1412 neque
508 1320 630 1414 prior,
656 1341 774 1412 neque
795 1315 989 1394 domestica
1001 1338 1160 1410 unquam

13 1419 14 1436 ¹
80 1418 139 1509 ,est
151 1419 258 1512 eius,
285 1417 384 1510 quod
396 1419 604 1518 aemulatur)
620 1434 694 1494 tam
710 1419 919 1494 incredibile
940 1415 992 1492 est
1009 1417 1159 1512 sapienti

82 1521 244 1611 artique,
270 1531 313 1590 ut
336 1537 406 1594 nos
429 1519 630 1594 adulterum
653 1518 769 1594 stilum
792 1513 947 1593 intulisse
971 1517 1159 1594 videamur

13 1635 22 1710 t
81 1615 297 1715 scripturis,
323 1617 385 1712 'qui
404 1617 520 1696 strutus
538 1619 692 1714 &primi
712 1617 929 1714 tenipus,
955 1637 1060 1710 quam
1074 1619 1158 1716 illop

13 1725 17 1816 l
68 1728 166 1797 'non
191 1715 350 1792 intulilse
374 1722 434 1812 qui
458 1717 540 1792 sunt
562 1719 597 1791 dt
619 1719 754 1812 posteri
782 1717 817 1792 dt
843 1717 991 1792 adversi.
1054 1713 1160 1792 Alius

13 1835 17 1932 l
79 1815 430 1912 manuscriptum,
457 1819 544 1894 alius
560 1817 675 1894 sensus
694 1819 922 1914 expositione
938 1819 1160 1894 intervertit.

13 1935 16 2014 l
78 1915 224 2010 neque
240 1917 376 1994 enim-st
392 1918 607 1994 Valentinus
624 1919 766 2018 integro
785 1917 1022 1994 instrumento
1038 1917 1094 1992 uti
1106 1917 1164 1992 vi:

13 2041 17 2110 l
79 2015 224 2112 detur,
251 2037 328 2094 non
351 2017 535 2094 callidiore
554 2019 700 2116 ingenio
721 2041 826 2112 quam
840 2015 1035 2092 Marcioni
1061 2015 1161 2092 Mar-

13 2121 15 2210 l
77 2118 175 2192 nion
200 2117 299 2194 enim
316 2132 442 2194 exerte
462 2118 498 2194 tr
520 2121 638 2214 palam
659 2119 854 2212 machara,
879 2139 956 2192 non
978 2117 1059 2192 stilo
1077 2117 1160 2192 usna
1284 2167 1285 2184 r

13 2219 16 2296 l
77 2215 157 2300 lest:
188 2219 361 2310 quonlam
378 2217 423 2295 ad
440 2220 623 2294 meteriam
643 2217 737 2294 suam
756 2217 888 2295 caedem
905 2215 1160 2312 scripturarum
1235 2264 1242 2276 ·

13 2321 16 2392 l
88 2315 268 2392 confecit.
319 2319 535 2392 Valentinus
552 2333 673 2392 autern
688 2317 870 2412 pepercit:
898 2319 1067 2410 quoniam
1081 2340 1162 2396 non

13 2437 17 2502 l
76 2415 134 2498 :td
154 2417 343 2492 materiam
368 2415 583 2516 scripturae,
616 2415 677 2491 sed
695 2419 880 2492 materiam
904 2417 949 2490 nd
967 2415 1159 2512 scripturas

13 2531 16 2596 l
76 2517 337 2615 excogitavit:
368 2515 544 2592 &tamen
565 2517 646 2611 plus
664 2515 826 2612 abstulit,
853 2516 988 2612 &plus
1011 2517 1158 2615 adjecit,

13 2637 17 2694 ι
77 2615 258 2694 :auferens
281 2617 522 2711 proprietates
540 2616 757 2716 smgttlorum
781 2637 926 2710 quoque
943 2618 1161 2715 verborum,
1213 2694 1216 2703 ,

13 2719 33 2754 ”
74 2711 127 2801 ,dt
143 2715 312 2809 adjiciens
329 2715 576 2810 dispofitiones
594 2737 672 2792 non
688 2711 1116 2811 comparentium‘rerum.
1253 2781 1259 2802 ,

13 2765 17 2894 i
167 2835 227 2912 39.
243 2813 424 2892 flectunt
435 2818 576 2916 ingenia
590 2815 635 2892 de
646 2813 860 2912 spiritalibus
876 2815 1058 2912 nequitie,
1075 2841 1160 2900 cum

13 2943 17 2990 l
76 2913 220 3006 ‘qubus
245 2914 393 2994 lutrano
416 2916 468 2992 est
492 2917 627 3009 nobis,
655 2914 806 3008 frattes3
841 2919 972 2994 merito
997 2935 1162 2996 contem·

13 3037 18 3096 l
74 3014 229 3108 aplandae
252 3013 337 3092 fidei
360 3015 577 3110 necessaria,
610 3027 652 3088 ut
672 3015 774 3092 eledi
794 3017 1089 3116 manifestentur,
1115 3033 1159 3097 ut

13 3123 14 3126 ‘
70 3115 239 3207 --reprobi
253 3115 479 3212 detegamur.
513 3113 563 3190 Et
580 3116 665 3190 ideo
680 3115 817 3193 habent
831 3117 999 3191 vimdrin
1013 3121 1158 3216 excogi-

13 3233 17 3308 ι
77 3213 209 3288 -ttndis
223 3213 508 3308 instruendisque
520 3216 704 3292 erroribus
716 3213 945 3293 facilitatem:
975 3235 1052 3292 non
1064 3217 1158 3304 adeo

13 3333 16 3390 l
77 3314 288 3392 mirandam
306 3315 401 3408 quast
424 3313 600 3394 difficilem
623 3315 988 3412 &inexplicabilem
1014 3335 1097 3392 cum
1111 3315 1159 3394 do

13 3439 17 3494 l
76 3405 308 3490 rseeularibus
338 3432 483 3508 quoqne
508 3411 690 3509 scripturis
718 3419 921 3512 exemptum
953 3411 1100 3510 prestol
1114 3415 1159 3496 nt

13 3535 14 3586 l
92 3507 271 3600 ejusmodi
286 3513 485 3590 facilitatis:
511 3537 584 3609 quo
596 3517 653 3610 jus
665 3513 797 3610 bodie,
824 3538 870 3592 err
888 3515 1042 3611 Virgilio
1056 3513 1159 3593 fabu-

13 3633 15 3688 l
93 3605 164 3684 lam
177 3607 216 3684 in
230 3626 349 3690 totum
361 3614 462 3692 aliam
479 3615 672 3710 oomponi;
698 3617 846 3701 materia
862 3612 1056 3692 secundum
1075 3637 1160 3692 ver·

13 3723 15 3786 l
77 3703 177 3804 sut,
204 3713 361 3790 versibus
379 3713 569 3790 secundum
583 3716 768 3812 materias,
795 3715 1034 3793 concinnatis.
1087 3713 1161 3788 De·

13 3831 17 3888 l
76 3805 206 3899 ›nique
223 3809 377 3894 Ovidius
401 3815 491 3892 citra
511 3811 682 3892 Medeam
696 3811 923 3916 Tergebam
941 3837 988 3895 ex
1002 3814 1160 3988 Virlgilio

439 3956 446 3971 ·
719 3958 722 3964 ·
758 3956 764 3965 ·
996 3968 999 3976 ·
1036 3935 1111 4012 pe·
1201 3999 1204 4006 .
