2586 4334
229 239 291 297 tiri
325 219 757 294 Ratunatcrroiiir
791 187 990 294 cannia,
1065 237 1135 312 stt

59 391 126 458 tur
156 381 199 456 dt
225 377 387 474 syderum
412 375 602 472 absentie,
629 399 714 471 quas
732 380 939 472 temporalis
962 377 1136 457 distinffio
1252 418 1253 434 i

61 500 275 557 exemerat.
325 479 582 553 Redotnantur
601 478 636 550 dt
655 476 795 572 specula
811 477 924 570 luna,
952 499 1026 572 quie
1040 503 1136 556 men.

61 583 193 658 struas
218 591 386 655 numerus
410 579 617 652 adtriverat.
668 577 927 650 Revolvuntur
941 580 1137 672 hyemes&

62 681 230 773 estates,
249 679 420 772 &vernat
439 679 665 772 iirautumna,⁴
683 697 765 750 cuin
779 675 846 762 suis
860 679 1009 770 viribus,
1028 683 1136 756 mori·

62 783 153 874 bus,
171 779 358 854 studiibus.
394 781 539 876 Quippe
550 780 656 852 etiarn
671 792 774 850 terrae
789 775 834 849 de
850 779 942 852 coeio
957 775 1136 874 disciplina
1271 847 1276 864 i

64 879 135 972 est,
152 881 306 955 arbores
322 877 452 950 vestire
464 877 544 974 post
559 875 682 971 spolia,
697 875 806 950 flores
821 877 939 952 denuo
954 881 1137 976 colorare,

63 981 210 1054 herbae
240 975 355 1050 rursus
381 979 591 1070 imponere,
631 977 801 1050 exhibere
827 979 949 1052 eadem
974 999 1051 1068 quae
1077 984 1136 1055 ab·

63 1079 217 1172 sumpta
241 1080 309 1152 sint
331 1075 477 1152 semina:
509 1097 577 1150 nec
600 1079 697 1172 prius
725 1075 918 1168 exhibere,
950 1097 1053 1169 quain
1077 1084 1135 1154 ab·
1213 1159 1217 1170 ,

63 1171 227 1271 sumpta.
251 1231 255 1238 ,
287 1175 382 1250 Mira
403 1177 523 1250 ratio:
561 1175 605 1248 de
628 1175 839 1250 fraudatrice
862 1173 1035 1252 servatrix
1047 1194 1065 1252 :'
1093 1197 1136 1256 ut

63 1279 223 1370 reddat,
249 1277 447 1370 intercipit:
474 1289 514 1347 ut
530 1273 724 1366 custodiat,
750 1273 885 1368 perdit:
911 1291 953 1349 ut
965 1279 1135 1378 integret,

66 1378 203 1452 vitiat:
233 1391 274 1450 ut
289 1379 393 1449 etiarn
412 1374 579 1469 ampliet,
605 1377 701 1468 priua
723 1372 924 1467 decoquit
954 1376 1135 1470 Siquidem

67 1478 250 1550 uberiora
276 1475 311 1548 a
342 1475 495 1548 cultiora
523 1473 703 1567 restituit,
741 1493 843 1566 quarn
872 1479 1134 1556 exterminavit.
1201 1547 1205 1558 .

67 1572 223 1666 Revera
241 1575 384 1650 soenore
409 1574 579 1664 interitu,
617 1572 798 1665 &iniuria
821 1571 944 1669 usura,
978 1576 1134 1652 &iutro

70 1675 229 1768 damno,
255 1671 359 1750 semel
374 1673 523 1746 dixerim
536 1670 702 1746 universa
715 1671 879 1746 conditio
896 1675 1056 1749 recidiva
1072 1675 1134 1756 est.

71 1775 333 1888 Quodcunque
350 1774 587 1864 conveneris,
613 1769 692 1847 suit.
746 1773 1000 1872 Quodcunque
1016 1776 1135 1852 anniso¹

70 1891 146 1967 rie,
175 1871 264 1946 nihil
277 1890 352 1946 non
365 1873 496 1947 iterum
514 1869 573 1948 cst.
625 1869 757 1946 Omnia
771 1875 807 1946 in
824 1871 950 1947 statum
966 1874 1133 1972 redeunt,

96 1993 186 2048 uum
207 1968 450 2065 abscesserint,
478 1971 808 2066 omniaincipiunt,
831 1971 943 2063 ‘quum
956 1975 1132 2053 desierint.

72 1995 165 2147 seeo
188 2068 383 2164 finiuntur,
409 2087 451 2144 ut
466 2069 564 2148 fiant.
616 2071 716 2144 Nihil
734 2072 890 2166 deperit,
916 2073 978 2148 nisi
993 2076 1030 2148 in
1047 2073 1135 2150 salu·

72 2187 159 2249 tern.
212 2169 334 2244 Totus
354 2173 462 2268 igitur
480 2171 538 2244 hit
555 2171 650 2244 ordo
671 2173 882 2246 revolubilis
900 2189 1048 2268 rerum,
1080 2189 1136 2250 te-

72 2271 182 2346 statio
207 2273 257 2346 est
283 2269 545 2347 resurrectionis
566 2283 804 2346 mortuorum.
857 2267 1036 2368 Operibus
1056 2296 1137 2355 eam

74 2371 283 2468 piaennpsit
297 2371 398 2444 Deua
415 2383 521 2464 ante,
548 2389 651 2460 quam
670 2371 793 2446 literis.
844 2371 990 2444 Viribus
1010 2373 1137 2466 praedi·

74 2469 178 2546 c'avit
201 2487 313 2565 ante,
347 2491 451 2562 quain
475 2471 641 2542 vocibus.
698 2467 865 2542 Promisit
887 2471 952 2542 tibi
972 2485 1135 2550 nattuam
1204 2523 1208 2534 -

11 2575 13 2670 i
74 2570 299 2670 magistram,
325 2566 559 2644 summissurus
580 2567 614 2640 di
632 2569 976 2684 prophetiambquo
994 2569 1134 2648 facilius

11 2675 12 2688 '
76 2671 201 2748 credat
222 2663 442 2764 prophetiae,
468 2665 655 2762 discipulus
675 2683 827 2742 nature:
855 2689 927 2760 quo
944 2667 1058 2756 ibatitn
1075 2671 1136 2748 adi

74 2773 197 2848 mittas
210 2791 291 2846 cunr
307 2769 479 2862 audieris,
505 2767 604 2860 quod
620 2768 754 2859 ubique
768 2771 839 2861 jam
855 2769 1002 2846 videris.
1050 2769 1136 2846 Nee

75 2871 216 2947 dubites
247 2871 365 2944 Deum
394 2869 510 2940 carnit
541 2868 647 2940 etiam
678 2865 989 2962 resuscitatorem,
1028 2891 1135 2963 quem

43 2991 48 3002 ·
76 2973 238 3048 omnivm
259 2971 360 3042 noris
379 2965 633 3044 restitutorem.
684 2965 735 3040 Et
747 2967 874 3058 utique
894 2969 1055 3044 siomnia
1068 2971 1134 3042 hoa
1270 3013 1279 3028 x

76 3072 163 3146 mini
179 3068 387 3166 redargunt,
413 3067 471 3165 cui
492 3080 687 3162 procurata
707 3065 809 3154 sunt;
825 3087 956 3160 porro
974 3087 1049 3140 non
1068 3069 1134 3142 ho·

39 3177 51 3201 ‘
76 3167 181 3263 titini,
207 3169 268 3244 nisi
281 3167 317 3241 dt
335 3164 449 3240 carni:
477 3167 580 3258 quale
598 3162 670 3259 est,
695 3182 738 3238 ut
753 3163 825 3260 ipsa
841 3165 1009 3261 depereat
1021 3170 1058 3240 in
1076 3179 1136 3241 to·

75 3282 175 3363 uari,
200 3283 351 3363 propter
366 3287 470 3358 quain
486 3266 521 3338 ἀ
536 3265 594 3338 eui
613 3265 701 3340 iiihil
721 3263 886 3359 deperiri

155 3389 211 3459 ¹3·
242 3367 280 3440 Si
298 3378 424 3464 parum
444 3364 654 3442 universitas
674 3363 967 3440 resurrectionem
991 3363 1134 3464 ugoni,

73 3465 206 3542 sinihii
221 3469 293 3544 tale
307 3465 472 3540 conditio
485 3463 612 3561 signat:
639 3467 722 3560 quia
732 3463 865 3561 singula
881 3465 956 3556 ejus
970 3483 1047 3541 non
1061 3479 1136 3544 tam

11 3565 13 3710 p
77 3569 169 3640 mori
195 3577 299 3659 qtdam
324 3566 482 3656 desinere
510 3566 693 3658 dautur,
724 3585 793 3638 nec
818 3564 1051 3660 redanimari,
1074 3563 1135 3642 seis

77 3667 264 3740 reformari
279 3663 546 3756 existimentur,
572 3664 694 3760 accipe
708 3663 938 3758 plenissimum
952 3681 1062 3756 atque
1075 3659 1134 3737 sir·

11 3761 12 3788 ¹
79 3765 256 3840 miibmutn
268 3767 373 3859 bujus
386 3763 458 3861 spei
476 3759 665 3856 specimen.
716 3761 896 3856 Siquidem
914 3761 1136 3852 animaiieest

11 3957 13 4058 i
79 3855 1134 3976 ieantaeobriexiidiuoitiiiuiiodcoaiitemorreo·
1281 3919 1282 3990 ;
