2596 4336
167 235 247 306 450
321 209 371 310 Q.
395 161 533 286 Srrr.¹
556 203 701 284 stoa.
727 166 1108 282 Trerussiirsr

170 369 347 448 trinsecus
376 365 653 444 delitescentes?
692 369 766 466 Qui
792 365 1116 460 pseudoprophete
1146 366 1250 466 stitit,

171 471 236 551 nisi
260 470 334 551 falli
357 467 742 566 predicatoresl.Qui
761 465 1071 559 pseudoapostoli,
1097 467 1160 541 nifi
1185 472 1251 546 ad·

171 571 285 646 ulteri
297 565 631 664 evangelizatores?
654 569 726 665 Qui
741 564 932 639 antichristi
948 567 1090 645 interim
1106 567 1141 640 dt
1158 567 1251 643 sein·

174 691 264 769 per,
291 669 352 742 nisi
375 665 502 744 Christi
528 666 704 742 rebelles?
739 665 824 738 Hoc
843 680 950 738 erunt
971 665 1139 762 hereses,
1164 686 1249 745 non

170 773 291 848 minus
308 767 546 842 dostrinarum
562 765 795 860 perversitate
813 763 994 838 ecclesiam
1014 765 1246 864 lacessentes,

173 891 280 963 quani
299 883 387 940 tunc
408 866 631 941 antichristus
647 864 939 960 persecutionum
956 870 1148 940 atrocitate
1162 889 1248 962 per.

174 969 361 1061 sequetur:
388 968 448 1040 nisi
469 966 567 1058 quod
580 963 781 1058 persecutio
799 965 1019 1057 &martyres
1039 964 1147 1062 facit,
1174 969 1248 1043 hm·

37 1123 43 1148 i
173 1067 270 1144 reses
291 1067 466 1162 apostatas
487 1073 637 1142 tantum
681 1066 729 1138 Et
753 1067 817 1136 ideo
837 1068 963 1154 Jiaerrjes
987 1091 1106 1164 quoquc
1124 1087 1248 1163 aperte·

41 1253 44 1258 ,
174 1170 230 1242 bar
255 1167 328 1260 effi,
362 1184 400 1238 rit
414 1167 580 1263 probabiles
605 1172 722 1262 quique
744 1165 1047 1263 monisqsarentrir:
1080 1179 1154 1240 tarn
1182 1170 1247 1258 qui

175 1270 214 1344 in
233 1265 542 1360 persecutionibus
565 1263 755 1358 steterint,
788 1285 916 1358 quani,
944 1265 1010 1356 xqui
1030 1265 1072 1338 ad
1093 1265 1244 1356 hereses

175 1391 253 1442 non
272 1367 584 1442 exorbitaverunt.
636 1363 767 1458 Neque
790 1367 883 1440 enirn
906 1387 970 1438 eos
988 1367 1167 1457 probatos
1189 1368 1245 1440 in·

175 1469 288 1564 telligi
310 1469 437 1561 juvet,
465 1465 584 1557 quiin
610 1465 765 1540 haeresim
789 1459 894 1540 fidem
917 1465 1125 1554 demutant;
1150 1463 1245 1540 ficut

175 1591 224 1642 ex
238 1563 380 1640 diverso
397 1565 460 1640 fibi
475 1565 777 1659 interpretantur,
797 1567 879 1656 quia
893 1565 983 1640 dixit
996 1565 1078 1638 alibi
1085 1568 1102 1636 ι’
1124 1570 1244 1640 omiu‘s

96 1741 99 1750 ,
175 1687 383 1758 exeininute,
415 1670 493 1760 quad
517 1667 629 1736 tanim
653 1667 692 1764 ιβ
720 1683 832 1734 remia.
898 1663 1005 1764 Quasl
1030 1683 1108 1738 non
1133 1667 1244 1744 liceat

176 1768 344 1842 omnibus
358 1767 450 1840 niale
467 1766 674 1840 exariiinatis
695 1761 888 1857 injectione
910 1763 1057 1856 alicujus
1074 1767 1160 1840 mali
1179 1767 1243 1842 iiii·

175 1869 324 1964 pingere
341 1886 404 1960 per
419 1871 589 1940 errorem.
913 1889 916 1895 ·

252 2035 286 2106 5.
313 2011 429 2086 Porro
443 2012 468 2086 fi
483 2011 708 2087 dissensiones
724 2010 950 2108 &schismata
963 2015 1140 2108 increpat,
1164 2035 1242 2108 quae

176 2111 250 2188 fine
270 2113 380 2186 dubio
401 2113 492 2185 mala
516 2111 614 2206 sunt,
642 2113 676 2188 &
695 2113 972 2206 incontinenti,
998 2111 1144 2188 haereses
1164 2113 1241 2190 sub·

175 2211 310 2308 jungit:
322 2241 325 2248 ’
337 2213 435 2306 quod
451 2211 549 2286 malis
563 2211 730 2310 adiungat
744 2217 872 2287 malum
888 2215 1012 2306 utique
1027 2211 1240 2308 profitetur,

177 2310 375 2404 &quidem
394 2313 525 2404 majus:
563 2311 756 2388 cumidem
778 2311 959 2386 credidisse
981 2311 1015 2388 se
1040 2314 1160 2407 dieat,
1195 2315 1243 2390 de

178 2409 418 2486 schismatibus
443 2411 477 2484 du
501 2411 784 2504 discissionibus:
811 2413 892 2506 qula
913 2413 1017 2486 sciret
1039 2413 1146 2486 etiarn
1171 2415 1242 2488 hae-

178 2511 271 2584 reses
299 2525 474 2604 oportere
499 2509 579 2588 effe.
645 2513 812 2586 Ostendit
836 2511 928 2586 enirn
944 2511 1132 2610 *gravioris
1158 2513 1244 2588 mali

178 2587 376 2706 adspectu,
409 2613 452 2684 de
477 2612 677 2686 leuioribus
697 2613 732 2685 se
753 2611 857 2686 facile
882 2610 1085 2686 credidisse:
1124 2627 1242 2712 certe,

177 2729 254 2783 non
274 2725 315 2782 ut
335 2711 419 2784 iddo
442 2711 486 2784 de
505 2715 604 2786 malis
622 2711 835 2804 crediderit,
862 2711 943 2804 quia
961 2709 1109 2786 hereses
1131 2713 1244 2786 boiiae

179 2808 316 2902 essent,
343 2809 400 2883 sed
414 2811 468 2882 uti
486 2810 530 2883 de
550 2811 684 2904 'pejoris
704 2833 848 2904 quoque
861 2825 960 2886 notae
977 2813 1244 2894 tentationibus

177 2923 446 3002 praemoneret,
479 2931 554 2982 non
573 2909 642 2984 elle
659 2911 877 3002 mirandum,
902 2933 988 3004 quas
1010 2913 1148 2986 diceret
1166 2929 1245 2988 ten·

179 3007 265 3084 dere
294 3009 337 3082 ad
360 3011 564 3104 probabiles
586 3019 749 3104 quosque
769 3009 1069 3104 manifestandos,
1106 3010 1245 3088 scilicet

180 3127 273 3199 quos
296 3129 372 3182 non
393 3111 582 3204 potuerint
601 3111 808 3206 depravare.
860 3109 1049 3204 Denique,
1074 3109 1245 3188 sitotum

133 3206 136 3212 ’
179 3209 373 3304 capitulum
394 3209 436 3280 ad
453 3210 626 3284 unitatem
644 3208 919 3304 continendam,
946 3209 1244 3306 &separationes

178 3307 399 3380 coercendas
416 3321 533 3400 aptes:
558 3309 705 3384 hereses
720 3329 811 3382 vero
823 3329 900 3386 non
912 3311 1028 3384 minus
1041 3312 1086 3384 ab
1101 3314 1244 3390 unitate

178 3405 377 3505 divellunt,
405 3425 509 3498 quam
527 3405 706 3483 schismata
725 3403 1017 3486 &dissenfionesz
1042 3409 1114 3484 sine
1129 3410 1243 3486 dubio

179 3501 374 3579 &hereses
389 3507 427 3578 in
445 3523 487 3578 ea
503 3507 715 3582 conditione
733 3509 1019 3602 reprehensionis
1039 3508 1241 3605 constituit,

176 3603 215 3681 in
235 3625 304 3696 qua
320 3609 355 3678 dc
375 3603 555 3682 schismata
573 3607 607 3679 &
628 3607 865 3684 dissensiones.
917 3607 974 3682 Ac
989 3631 1053 3705 per
1075 3609 1150 3684 hoc
1165 3631 1242 3689 nou

177 3723 243 3776 eos
257 3703 462 3798 probabiles
476 3705 583 3802 facit,
605 3709 665 3802 qul
680 3709 717 3782 in
732 3705 881 3782 hereses
897 3707 1130 3802 diverterint,
1159 3695 1242 3784 c'uin

170 3801 349 3898 maxime,
373 3802 505 3893 diverti
525 3808 569 3884 ab
585 3807 780 3906 ejusmodi,
806 3808 1025 3910 objurgans,
1046 3807 1080 3884 &
1100 3807 1240 3886 doceris

751 3939 753 3942 ·
1088 3931 1193 3980 unuin
