2638 4342
409 227 765 332 Cnangnn'
978 308 986 334 ,
1039 207 1171 333 689ι

52 392 235 487 Donavit,
262 388 461 490 pignusque
475 393 539 468 suo
558 395 603 471 de
620 397 742 491 spiritu
758 393 860 471 fodit

14 505 15 512 '
48 495 104 570 Ut
119 497 222 588 cujus
238 493 379 568 fuerant
396 495 559 570 homines
578 499 715 570 virtute
730 492 920 588 redempti,

52 595 166 687 Huius
184 597 218 668 dt
239 596 443 688 acciperent
459 597 628 670 renovati
644 617 778 670 nomen
794 595 956 668 honoria

51 693 149 790 Engo
169 693 252 786 quia
268 695 410 788 populis
424 695 585 770 nondum
598 693 662 769 suo
679 695 784 768 fonte
800 695 933 769 renatis

50 793 224 868 Sordibus
241 795 392 886 antiquis
413 793 533 888 renis,
557 795 736 869 &debito
755 795 883 868 mortis

50 892 107 968 En
124 895 246 965 ueteri
266 890 368 966 causa
382 915 530 990 regnum
542 895 684 968 coeleste
697 895 858 992 negavit,

50 993 209 1086 Dicens,
230 993 426 1068 dromonum
442 991 558 1068 rursus
577 995 712 1068 debere
730 991 865 1068 renasci

50 1091 164 1194 Quod
180 1105 302 1168 natum
315 1089 368 1166 est
382 1091 426 1165 de
444 1105 571 1186 carne,
595 1093 773 1186 carneli,
797 1093 844 1166 de
861 1088 984 1184 spiritu
1001 1091 1093 1188 vita,
1188 1091 1192 1116 ⁸

14 1265 15 1274 Ν
48 1191 192 1268 Radicis
211 1193 343 1266 veteris
360 1203 461 1264 nova
480 1195 637 1290 germina
653 1193 768 1290 glorie
781 1203 923 1266 mutans

48 1291 226 1369 Ablutum
241 1289 374 1384 corpus
390 1291 553 1383 jamnon
569 1293 736 1366 decarne
756 1293 898 1366 vocari:

49 1391 136 1467 Hoc
156 1389 310 1482 sequitur
326 1389 477 1484 Paulus,
502 1391 551 1465 stc
563 1392 616 1466 est
628 1393 674 1467 de
686 1411 794 1465 carne
812 1392 972 1484 locutio,

46 1489 215 1581 Denique
233 1489 345 1583 dixit,
371 1507 547 1584 oportere
562 1489 762 1585 superindui
783 1487 933 1580 vestem,

47 1588 158 1666 Hunc
177 1589 335 1662 habitum
351 1587 533 1686 fragilem,
558 1593 747 1666 mortalem
762 1590 909 1686 contegi
927 1589 1094 1668 sormam.

14 1739 15 1792 ,
44 1687 139 1768 Non
159 1687 255 1764 aliod
273 1707 405 1780 corpur
422 1689 518 1782 dari,
544 1689 602 1764 led
613 1693 711 1784 prius
726 1689 812 1763 illud
827 1689 1000 1766 inermen

48 1787 219 1880 Undique
233 1807 347 1884 regno
363 1785 436 1860 Dei
454 1789 530 1861 lato
547 1789 760 1863 circumdari
776 1802 911 1880 totum,

46 1887 245 1964 Momento
265 1885 421 1982 aspedius
434 1889 530 1960 oculi
547 1889 764 1982 mutabitur,
788 1887 919 1982 inquit,

46 1987 101 2064 Ut
117 1985 207 2060 rufae
220 2005 318 2060 caerae
335 1983 443 2062 facies
459 1985 674 2081 disperditur
691 1989 816 2081 herba,

46 2083 97 2162 Et
112 2099 230 2162 mutat
244 2085 430 2182 proprium
442 2087 608 2166 candenti
623 2087 699 2163 sole
713 2089 896 2164 colorcma

45 2187 107 2262 Sic
122 2185 248 2260 eadem
268 2205 354 2259 caro
367 2183 519 2282 litigenti
534 2189 578 2262 de
596 2188 712 2286 gloria
729 2186 882 2283 sument,

47 2285 254 2380 Gaudebit,
280 2283 416 2379 semper
433 2287 612 2382 gaudens,
636 2288 673 2361 dt
690 2301 808 2362 morte
827 2287 980 2382 carebit,

45 2384 243 2463 Devidium
259 2385 413 2460 clamans
429 2387 608 2462 crudelem
622 2387 789 2480 corporis
807 2385 960 2480 hostem,

47 2485 226 2562 Glutitam
238 2497 413 2578 mortem,
440 2483 548 2558 fortis
569 2486 721 2560 vidioria
734 2483 907 2579 Christus,

46 2583 217 2685 Ingentes
231 2581 317 2658 Deo
333 2581 464 2658 summa
480 2583 599 2667 ferent
620 2585 664 2661 ed
678 2585 789 2661 fidere
803 2583 936 2662 laudet.

51 2743 1102 2816 «ama-affl»
1174 2793 1186 2818 ,

29 2875 32 2882 ’
395 2865 764 2948 LlBERlll.

49 3009 83 3068 1.
145 3011 201 3068 am
216 2989 359 3088 genuit,
380 2991 559 3084 quondam
577 2991 724 3086 sterilis,
747 2993 964 3090 cognomine
979 3005 1108 3086 mater,

167 3089 316 3186 Jamque
329 3111 451 3164 novus
470 3092 600 3189 gaudet
617 3093 772 3186 populus
790 3091 834 3165 de
854 3093 966 3166 libera
986 3105 1107 3184 natus,

44 3185 205 3286 Expulss
220 3188 351 3263 famula
370 3192 501 3266 merito
517 3211 598 3265 cum
611 3193 715 3286 prole
729 3187 897 3284 superba;

42 3291 222 3366 Viventis
239 3309 384 3383 quoque
399 3289 513 3366 fontis
528 3311 634 3384 aquas
649 3291 786 3388 ingrata
801 3291 984 3384 relinquit,

16 3469 17 3490 ἢ
44 3389 99 3466 Et
111 3389 242 3484 tepidis
262 3409 382 3464 errans
401 3389 539 3464 ardenti
558 3389 671 3464 fidere
684 3405 800 3484 potat.

43 3489 125 3588 Jam
142 3487 287 3584 poliunt
324 3503 449 3583 entes,
476 3489 655 3564 Abraham
675 3491 826 3566 clamate
840 3499 1041 3586 parentem,

46 3593 145 3686 Quae
162 3609 296 3663 vocem
351 3589 462 3663 omini
476 3591 619 3664 ratione
633 3587 774 3684 secutae,

46 3687 185 3765 Omnia
198 3687 379 3780 liquerunt
396 3685 600 3786 peregrese
614 3685 731 3764 sistere
745 3691 848 3782 ‚vitat-⁵,

43 3789 231 3864 Lernen
248 3785 395 3884 sterilis,
420 3787 622 3884 promiliatn
639 3789 792 3883 concipe
809 3789 966 3886 plebem,
1006 3834 1009 3842 ·

44 3886 211 3984 Erumpe
227 3885 262 3962 u
276 3889 408 3982 doma,
434 3911 513 3986 que
526 3889 623 3968 nulla
636 3890 742 3984 prole
757 3889 878 3986 beata,
995 3909 999 3923 ’

101 3981 240 4066 TW·
271 3979 360 4072 Tmo
378 3989 423 4068 ῙᾸ
671 3985 738 4066 XX
1000 3985 1064 4068 De
1210 4083 1214 4092 Ι
