2926 4372
103 323 104 414 l
259 311 342 407 ηε·
400 302 450 408 Q.
476 299 606 380 ster.
631 295 778 378 Fron.
804 295 1176 400 Tanrutttaut

181 531 185 544 ,

103 729 105 868 i

103 957 106 1032 l

255 477 344 570 pum
361 465 527 544 mandata
545 461 774 538 coitionibus
788 461 954 556 oppostta
973 460 1226 554 delinquimus.
1254 457 1332 555 Spi-

256 571 350 658 ritus
374 563 510 642 santius
536 584 646 656 quum
671 563 709 636 in
734 562 864 655 quibus
889 565 1003 637 vellet
1027 563 1162 653 terris,
1204 561 1242 634 dt
1270 581 1332 656 per

257 689 353 764 quos
378 667 493 740 vellet
522 663 767 758 predicaret,
806 683 852 735 ex
877 659 1109 756 providentia
1139 661 1333 738 inuuinen·

256 769 369 860 tlum,
393 765 470 840 srve
496 762 806 838 ecclesiasticarum
827 759 1098 853 tentationum,
1132 761 1213 835 sive
1231 783 1334 838 mim·

256 857 402 944 dialiunt
421 863 622 960 plagarum,
650 885 719 956 qua
740 871 966 958 paracletus,
992 861 1028 934 id
1052 859 1103 935 est
1123 863 1332 936 advocator

257 967 304 1041 ad
328 965 551 1040 exorandum
566 963 743 1057 jndicem,
770 959 976 1056 hujusmodi
993 955 1200 1035 officiorum
1219 983 1334 1036 reme·

257 1065 318 1142 dla
339 1060 551 1158 mandabat,
564 1077 663 1156 puta
682 1083 788 1152 nunc
801 1063 845 1135 ad
868 1061 1105 1136 exercendam
1121 1059 1333 1136 sobrietatis

260 1165 298 1241 dt
315 1158 534 1240 abstinentior
553 1160 791 1260 disciplinam,
823 1159 923 1236 hunc
940 1163 999 1254 qui
1016 1161 1242 1256 recipimus,
1279 1182 1334 1236 ne·

258 1263 408 1341 cessario
444 1267 552 1336 etiam
587 1284 664 1354 quae
706 1277 796 1338 tunc
830 1259 1038 1354 constituit,
1082 1259 1332 1339 observamur

257 1363 393 1460 Aspice
412 1363 457 1436 ad
468 1361 631 1456 judaicos
647 1359 783 1456 fastos,
820 1363 854 1434 dt
878 1361 1042 1434 invenies
1062 1357 1153 1434 nihil
1170 1383 1331 1458 novum,

257 1465 285 1543 sr
302 1487 380 1557 quae
395 1463 554 1558 patribus
571 1461 652 1536 sunt
668 1475 867 1556 precepta,
894 1462 1011 1536 omnis
1024 1460 1197 1555 deinceps
1215 1461 1335 1556 poste·

260 1567 348 1642 dtas
367 1561 588 1638 haeredltaria
609 1562 786 1658 religione
801 1559 966 1636 custodit.
1017 1557 1190 1658 Aguntur
1206 1579 1333 1658 prete·

257 1671 403 1760 reaper
419 1659 574 1736 Graecias
594 1663 654 1736 illa
675 1661 783 1737 certis
799 1661 941 1736 inlotis
961 1660 1115 1734 concilia
1134 1659 1171 1734 dt
1189 1683 1244 1736 ex
1261 1663 1333 1738 uni·

256 1763 370 1838 venis
390 1761 570 1856 ecclefiis,
596 1783 662 1858 per
685 1762 820 1856 quae‘&
844 1761 974 1835 altiora
996 1781 1145 1853 queque
1168 1759 1211 1834 in
1240 1785 1333 1838 com·

233 1946 235 1952 ,
254 1873 366 1941 niune
383 1859 606 1958 tradantur,
640 1859 764 1958 &ipsa
787 1859 1054 1955 representatio
1078 1861 1196 1934 totius
1219 1863 1334 1938 nomi·

254 1965 312 2040 nis
329 1959 515 2037 Christiani
529 1981 656 2058 magna
668 1961 908 2035 veneratione
922 1961 1143 2036 celebratur:
1189 1959 1249 2036 Et
1264 1965 1334 2040 hot
1358 2017 1359 2046 ,

143 2113 155 2158 ·.
256 2081 362 2156 quarn
384 2061 527 2160 dignum
547 2057 618 2134 fide
644 2059 849 2156 auspicante
869 2059 1082 2158 congregari
1102 2059 1275 2156 undique
1296 2061 1334 2137 ad
1358 2069 1359 2086 ¹

254 2161 446 2236 Christum.
524 2161 606 2232 Vide
629 2183 722 2258 quam
751 2161 865 2231 bonum
892 2161 931 2237 U
954 2185 1047 2260 quam
1066 2161 1254 2258 jucundum
1279 2165 1334 2235 ha·

254 2261 360 2334 lirare
368 2261 495 2354 fratres
509 2266 552 2348 ,in
567 2283 688 2330 unum:
706 2259 781 2334 hoc
793 2274 835 2333 tu
848 2257 995 2356 psallere
1007 2279 1084 2334 non
1096 2257 1205 2334 facile
1222 2261 1331 2360 nosti,
1358 2269 1359 2284 ²

254 2359 320 2440 nin
332 2381 405 2454 quo
417 2373 583 2456 ternpore
601 2381 682 2435 cum
696 2361 940 2454 compluribus
949 2381 1081 2434 coenau
1107 2357 1334 2438 conventos

257 2479 379 2536 autem
395 2461 444 2534 illi
461 2459 672 2536 stationibus
694 2461 793 2558 prius
816 2459 852 2534 dt
867 2459 1150 2553 jejunationibus
1170 2463 1332 2558 operati,

254 2559 386 2638 dolere
398 2581 479 2635 cum
492 2560 715 2654 dolenulnus,
733 2557 829 2634 &ita
842 2559 983 2634 demum
999 2557 1233 2656 congaudere
1251 2585 1332 2659 gau·

256 2659 426 2735 dentibus
443 2675 592 2736 norunt.
635 2659 672 2756 Si
686 2659 720 2734 dc
735 2659 797 2734 ista
809 2657 970 2735 solennia
988 2659 1116 2754 quibus
1133 2673 1230 2733 tunc
1248 2683 1331 2755 pra·

256 2750 337 2836 sens
356 2761 604 2854 patrocinatus
624 2759 675 2833 est
699 2759 842 2854 senno,
866 2781 936 2836 nos
958 2781 1103 2854 quoque
1121 2759 1161 2833 in
1179 2759 1332 2838 diversis

255 2845 461 2956 provinciis
482 2859 663 2956 fungimur
681 2861 719 2933 in
741 2857 866 2954 spititu
885 2861 1043 2936 invicem
1067 2859 1330 2958 represented,

256 2963 319 3036 lex
335 2957 387 3034 est
402 2957 621 3036 sacramenti.

338 3077 394 3150 14.
421 3057 565 3134 Horum
580 3059 688 3157 igitur
708 3071 875 3155 tempora
895 3057 1128 3132 observantes
1145 3055 1182 3131 dt
1200 3058 1335 3156 dies&

257 3157 396 3238 menses
417 3157 452 3232 dt
472 3179 586 3234 annos
599 3161 843 3258 gallaticamur
859 3153 1252 3254 plane,s1Judaicatum
1271 3183 1332 3235 cae·

256 3259 533 3354 renouatum,
571 3257 597 3334 fi
622 3261 788 3358 legalium
812 3257 1065 3334 solennitatum
1089 3255 1334 3336 observanter

257 3355 396 3435 sunius:
421 3357 498 3432 illas
520 3359 612 3434 enirn
627 3357 827 3452 Apostolus
848 3357 1004 3431 dedocet
1018 3353 1257 3450 compescens
1270 3381 1333 3434 ve

257 3461 346 3533 reris
375 3457 577 3534 testamenti
597 3459 635 3531 in
657 3455 800 3552 Christo
825 3454 952 3552 sepulti
974 3451 1333 3550 perseverantiam&

259 3559 352 3634 novi
364 3554 498 3636 sistens.
525 3557 675 3674 Quodfi
690 3577 790 3632 nova
810 3555 975 3632 conditio
989 3557 1027 3632 in
1042 3551 1186 3630 Christo
1201 3553 1334 3656 sepulti

258 3655 609 3833 perseverant,’1am
623 3679 725 3732 nova
738 3655 772 3732 o
784 3651 945 3734 solennia
960 3652 1029 3732 elle
1043 3655 1253 3732 debebunt:
1273 3668 1334 3734 aut

274 3773 287 3832 1
304 3777 451 3834 omnem
466 3759 504 3832 in
521 3771 643 3833 totum
660 3757 899 3834 devotionem
916 3773 1121 3851 temporum
1138 3755 1174 3830 o
1191 3758 1334 3836 dierunt

259 3853 297 3932 dt
312 3855 482 3932 menliurn
498 3852 725 3934 &annorum
745 3853 848 3932 erasit
864 3853 1088 3958 Apostolus,
1114 3875 1180 3930 cur
1202 3857 1335 3952 posthc

260 3953 620 4082 celebremuatmtuo
637 3957 775 4094 circplo
787 3959 827 4036 iu
838 3953 961 4039 mede
976 3951 1120 4054 ptiutol
1147 3975 1217 4030 cur
1232 3959 1334 4051 qtnna
1358 3983 1359 3986 ¹

370 4073 375 4080 .
393 4070 406 4106 -.
712 4082 713 4086 i
746 4073 769 4094 ,¹
971 4073 983 4101 ,
1101 4074 1107 4098 ,
1195 4077 1284 4155 qm
