2638 4342
384 223 389 232 .
473 147 817 237 Casurus.
1102 153 1175 248 clyp

107 313 153 394 In
170 311 282 390 relos
293 309 474 388 hominem
497 313 636 388 devisis
652 327 772 387 morte
788 315 918 408 leuari,

108 411 246 508 signari
267 416 447 505 populos,
474 413 589 488 effuso
609 416 760 509 pignore
778 411 911 500 sandto,
1024 457 1029 472 ·
1059 491 1061 500 ,

107 507 284 588 Mirandae
299 516 444 586 virtutis
457 535 570 606 opus,
597 512 778 606 invisaque
795 511 902 588 oua:

107 611 224 686 Audit
243 623 422 686 extremas
434 612 653 688 flammarum
666 615 703 686 in
722 614 861 708 gurgite
873 631 998 704 pmrras

97 709 145 786 -A
159 711 323 784 Domino
337 712 421 804 fibi,
447 727 638 807 perpetuas
659 711 897 804 tenebrasque
914 719 1070 806 paraus,

108 809 341 906 (irrevocata
361 811 430 888 Dei
447 811 644 908 sententia)
655 811 793 904 nudus,
819 812 976 902 inermis,
1022 815 1041 836 ·’
1168 865 1171 873 .

105 907 328 1005 Damnatus,
353 907 489 1002 vissus,
516 913 695 1004 periturus
708 927 828 986 morte
843 909 1007 1004 perenni,

105 1009 183 1104 Jam
198 1029 301 1102 reus,
329 1010 511 1084 dt'nullsm
528 1012 670 1086 ueniam
685 1009 721 1083 se
736 1026 856 1084 certus
873 1011 1026 1084 habere:

106 1107 279 1183 Protinus
298 1114 496 1184 extremum
514 1110 614 1184 nefas
631 1109 758 1202 ausus,
784 1109 946 1206 spargere
963 1107 1081 1203 pallim
1162 1170 1168 1183 .

105 1207 266 1282 Auribus
281 1209 501 1284 horrendum
513 1209 680 1302 verbum,
694 1229 812 1302 neqtre
825 1208 1166 1301 voceloquendum,

105 1307 279 1399 Abjestos
300 1309 445 1403 tplebe
462 1309 554 1401 Dei,
580 1310 655 1384 sine-
669 1311 755 1382 luce
767 1323 956 1403 vagantes,

102 1405 504 1486 Inventossmemcnte
521 1410 642 1501 uiros,
668 1408 1028 1501 terrenasequentcm
1122 1454 1130 1463 -

106 1505 297 1604 Aggreffus
318 1511 422 1604 pravi
440 1529 573 1601 prauos
590 1509 696 1581 decet
713 1507 782 1582 elie
797 1504 991 1604 magistros.
1240 1585 1242 1593 ,

156 1629 191 1697 4,
205 1605 378 1679 Praedicnt
392 1608 446 1682 his
461 1607 555 1680 duos
572 1605 641 1680 esse
655 1605 801 1702 Patres,
826 1605 1152 1702 diuisaqueregnar

105 1701 188 1779 Esse
208 1705 443 1807 meliorassem
455 1706 672 1800 Dominum,
698 1709 759 1798 qui
775 1706 1093 1800 condiditurbem,
1147 1711 1153 1722 '

107 1806 254 1904 Quique
268 1802 437 1902 figuravit
452 1825 595 1882 carnem
608 1807 793 1900 spiramine
808 1807 945 1898 vivam,
1012 1853 1014 1858 -

105 1905 254 2080 finique
266 1905 368 1978 dedit
379 1908 515 2002 legem,
541 1907 734 2000 devotum,
761 1907 821 1998 otti
836 1905 1117 1992 vnceloeutum

144 2009 337 2101 turc-negat
349 2005 583 2106 essebonum:
606 2005 737 2099 justum
750 2020 868 2080 tamen
885 2003 954 2080 esse
970 2001 1119 2081 fatetur.
1247 2014 1255 2026 '

106 2101 316 2198 Crudelem,
337 2107 484 2200 durum,
500 2107 586 2182 belli
600 2105 659 2180 cui
674 2103 767 2180 leva
780 2108 965 2198 voluptas,

61 2267 62 2278 r
104 2201 248 2378 {udicio
268 2204 509 2300 horrendum,
534 2205 700 2302 precibus
714 2203 955 2280 mansuescere
972 2203 1091 2279 nullis.

67 2331 70 2337 ·
138 2301 188 2376 sse
205 2303 310 2377 alium
325 2303 493 2396 suadens,
518 2306 608 2380 nulli
623 2305 684 2396 qui
700 2306 866 2401 cognitus
880 2325 1051 2398 unquam,

29 2423 39 2436 ⁵
105 2401 180 2575 gui
197 2423 275 2478 non
294 2403 346 2478 est
366 2425 538 2498 usquam,
563 2401 687 2478 falsum
704 2405 780 2478 sme-
792 2403 939 2478 nomiue
954 2421 1103 2498 numum

138 2501 336 2578 onllituens
350 2504 463 2599 nihil,
489 2503 635 2586 &nulla
649 2504 1008 2600 praeeeptalocutru:

103 2599 218 2682 Hunc
234 2601 367 2676 aitesse
385 2605 543 2695 bonum,
564 2603 702 2688 nullum
713 2603 771 2696 qui
783 2601 941 2696 judicat,
965 2619 1067 2696 aequo
1129 2617 1132 2622 '

102 2696 174 2774 Sed
187 2703 303 2796 parcit
316 2703 470 2792 cuneus,
495 2707 609 2778 vitam
626 2725 703 2778 non
719 2703 861 2778 inuidet
878 2703 956 2796 ulli,

102 2799 282 2898 Judicium
301 2817 408 2900 negat
421 2803 491 2879 elle
509 2805 601 2896 reis,
626 2804 796 2895 dulcique
809 2815 997 2878 cruentum

103 2899 323 2976 Circumfert
335 2900 467 2976 miseris
483 2904 637 3008 mimum
652 2923 734 2976 cum
749 2903 855 2976 melle
874 2921 1073 2986 venenum,

101 2999 255 3098 Surgere
269 2997 489 3098 possenegat
508 3021 671 3094 curnem,
697 3003 757 3076 cui
774 2999 1002 3100 musaruinae

100 3097 181 3194 Ipse
197 3101 287 3196 fuit,
314 3121 419 3192 quam
433 3115 677 3194 contemptam
694 3097 862 3194 spoliavit
875 3099 1015 3191 inique:

101 3197 302 3292 Propterea
314 3199 517 3280 maledicitur
537 3201 646 3274 babet
659 3201 733 3274 stne
748 3197 820 3274 line
836 3199 1017 3289 dolorem,
1120 3225 1123 3230 ·

100 3297 225 3376 Hostis
242 3299 325 3373 huic
341 3298 497 3394 semper,
523 3301 631 3374 vario
647 3299 728 3392 quia
750 3301 901 3372 uulnere
915 3298 1031 3372 vitam
1063 3358 1068 3369 .

100 3397 242 3473 Nititur
258 3413 450 3490 excutere,
478 3399 534 3492 dr,
560 3399 686 3491 dpqua
702 3395 880 3491 roitipse,
907 3393 1067 3481 illucens,
1163 3421 1164 3424 ¹

97 3493 214 3590 inque
229 3499 302 3572 hoc
316 3497 350 3570 dt
366 3497 544 3573 Christum
559 3501 664 3572 terris
685 3497 818 3572 venisse
834 3507 998 3589 repente,

101 3597 173 3698 Sed
190 3597 287 3676 nulla
299 3598 434 3672 socium
452 3599 566 3674 caruis
586 3602 798 3702 compagine
812 3595 958 3694 fusium,

20 3711 21 3768 l
103 3695 259 3791 Spiritus
275 3711 311 3772 at
330 3695 468 3788 forma,
494 3695 665 3786 &listram
684 3697 747 3773 sub
760 3697 910 3792 imagine
925 3713 1060 3788 corpus

20 3805 21 3808 ‘
106 3793 246 3901 Fallere
264 3797 347 3878 vult
364 3798 551 3892 homiues,
577 3797 674 3976 qppd
690 3795 853 3892 nonest,
878 3793 950 3872 else
965 3793 1114 3970 uidpiui.¹
1135 3877 1141 3886 ι

645 3917 715 3998 ug
987 3914 1021 3992 ς.
1068 3913 1149 3980 00,
