2634 4336
438 146 846 296 baduinus
1000 227 1006 242 ·
1084 219 1185 306 φορμ

11 387 17 444 ι
93 357 188 444 verli
202 363 320 438 exitur
337 349 492 456 mortis,
516 373 559 440 ut
577 359 628 436 est
645 357 856 447 multimoda
877 353 1042 436 conditio
1064 356 1162 436 caus·

10 507 15 536 .
90 465 229 555 serum,
255 465 393 536 nullum
411 463 462 536 ita
485 461 634 534 dicimus
654 463 791 550 lenem,
816 473 858 532 ut
874 481 951 544 non
965 461 1005 536 vi
1022 475 1159 560 agatur.

10 601 13 648 ι
90 561 172 658 lpse
184 565 245 636 illa
260 561 355 636 ratio
373 562 556 656 operatrix
571 563 718 652 mortis,
738 560 883 655 fimplex
896 557 1001 653 licet,
1021 563 1078 636 vis
1095 559 1158 640 est.

10 703 14 738 ι
91 661 195 764 Quid
210 661 332 736 enimi
359 673 587 753 quaternam
605 661 728 738 anima
748 660 913 734 &camir
934 657 1160 754 societatem,¹

10 799 11 830 ι
90 775 231 844 tantem
251 761 474 855 tconceptu
492 763 766 841 concretionem
780 759 943 836 sororum
957 759 1161 836 substantia·

90 883 175 944 tum
200 861 341 940 divellit
363 883 406 936 ao
431 861 571 938 dirimit.
623 857 718 934 Nam
744 861 805 942 ern
828 879 900 956 pra
922 861 1052 958 gaudio
1079 862 1158 952 orus

90 959 254 1058 spiritum
275 961 444 1052 exhalet,
469 973 511 1038 ut
536 959 667 1040 Chilon
690 959 904 1052 Spartanus,
939 962 1023 1034 dum
1042 959 1160 1038 vidio-

90 1081 172 1136 retn
188 1061 365 1156 Olympio
381 1058 494 1136 filiurn
511 1059 754 1154 amplectae
788 1060 850 1140 etsi
870 1061 1089 1157 propioris,
1115 1073 1159 1141 ut

92 1161 277 1242 Clidemus
298 1159 547 1254 Atheniensis,
581 1159 664 1234 dum
686 1161 730 1247 ab
752 1159 983 1237 histrionibus
1003 1161 1053 1235 ob
1072 1181 1161 1258 pra.

90 1261 256 1341 stantiam
270 1282 358 1336 auro
372 1275 594 1350 coronatum
617 1259 679 1334 etii
694 1281 759 1355 per
772 1257 959 1354 somnium,
978 1275 1020 1334 ut
1034 1259 1160 1352 Plato,

91 1361 158 1444 etr
176 1361 381 1454 pertisum,
401 1373 443 1437 ut
459 1359 497 1438 P.
513 1357 670 1460 Crassltsr
694 1360 812 1451 multo
830 1359 1032 1448 violentior
1046 1379 1160 1454 mors,

92 1480 257 1556 qumper
278 1461 392 1538 aliem
405 1457 591 1558 grassatur,
621 1478 698 1552 que
717 1459 868 1536 animam
883 1481 949 1554 per
966 1459 1160 1540 commoda

92 1561 266 1660 expellit,
298 1581 375 1652 quo
397 1575 487 1634 tunc
508 1561 602 1636 mori
626 1558 763 1656 adfert,
799 1579 879 1637 curn
897 1557 1090 1652 jucundius
1108 1559 1162 1660 vi,

90 1681 188 1734 vere
211 1659 318 1734 estin
339 1659 593 1752 exultatione,
627 1659 665 1736 in
689 1659 854 1752 honore,
884 1659 923 1738 in
942 1660 1088 1754 requie,
1123 1663 1163 1742 in

90 1738 300 1852 voiuptate,
351 1759 420 1833 Vis
437 1755 488 1834 est
502 1757 538 1831 dt
555 1759 615 1832 illa
632 1759 807 1856 navigiis,
833 1779 914 1840 cum
932 1760 1044 1856 longe
1059 1781 1081 1833 a
1094 1757 1162 1836 Ca.

91 1859 237 1958 pbareis
263 1857 380 1952 saxis,
413 1857 521 1936 nullis
550 1857 752 1956 depugnata
782 1856 1017 1954 turbinibus,
1054 1854 1162 1940 nullis

94 1957 252 2054 qualiata
275 1959 500 2042 decumanis,
534 1957 700 2032 adulante
723 1955 842 2052 flatu,
873 1959 1019 2038 labente
1043 1955 1174 2052 cursu,
1237 2032 1244 2043 ,
1292 2045 1299 2053 ,

92 2059 241 2144 laetante
268 2059 470 2150 connitatu,
495 2055 666 2132 intestino
689 2070 841 2152 tepente
862 2055 1053 2154 perculsu,
1079 2057 1162 2142 'tunt

93 2173 180 2233 tota
198 2157 387 2234 securitate
406 2155 584 2234 desidunt:
610 2179 687 2232 non
695 2155 802 2232 fsecus
818 2159 922 2238 naufr
967 2158 1001 2232 ia
1012 2157 1094 2238 sunt
1105 2159 1163 2234 vi.
1286 2187 1307 2232 ,·

93 2272 167 2350 ta,
198 2260 304 2334 etiam
323 2258 522 2350 tranquillae
537 2259 666 2332 mortis
683 2271 850 2334 eventus.
901 2255 950 2332 Ni
978 2257 1029 2342 ilo
1046 2259 1164 2342 refert

92 2359 269 2452 integram
289 2359 389 2432 abire
406 2357 573 2450 corporis
592 2377 749 2452 navem,
773 2378 819 2436 an
838 2355 1052 2460 diffipatam,
1071 2359 1163 2442 tium
1304 2421 1307 2454 ,

94 2457 635 2556 animemvigatioevertatur.
1253 2519 1259 2532 ,

97 2608 101 2619 -
173 2577 232 2650 53.
259 2557 329 2634 Sed
343 2579 421 2650 quo
438 2557 567 2634 deinde
586 2557 703 2632 anima
715 2555 811 2632 ouda
826 2555 861 2632 dt
875 2557 1021 2654 explosa
1033 2557 1165 2634 deuer.

95 2669 174 2752 tet,
202 2659 274 2736 fine
290 2657 402 2732 dubio
419 2655 676 2752 prosequemur
691 2679 737 2732 ex
752 2657 899 2738 ordine:
924 2661 1022 2754 prius
1040 2671 1164 2740 tamen
1297 2747 1299 2752 ,

93 2756 199 2852 quod
221 2755 271 2832 est
290 2757 364 2832 loci
383 2757 487 2852 hujus
507 2755 753 2852 explebimus,
776 2779 825 2832 ne
843 2757 926 2850 quia
944 2757 1070 2834 varios
1089 2759 1163 2832 exi.

94 2871 157 2936 tus
174 2858 302 2956 mortis
319 2857 520 2950 ediximus,
546 2853 728 2953 exspoliet
747 2857 826 2950 quis
843 2859 985 2934 anobis
999 2853 1166 2938 rationet'

92 2957 336 3052 ungulorum,
361 2955 516 3032 Medicis
531 2959 655 3052 potius
669 2957 921 3050 relinquendas
935 2957 1092 3059 propriis
1110 2977 1164 3032 ar.

93 3055 200 3143 birris
213 3057 375 3132 omniurn
389 3055 548 3132 letalium
562 3077 683 3130 rerum
697 3055 773 3134 five
787 3053 1002 3154 caudarum,
1028 3053 1165 3150 &ipstlv
1304 3131 1306 3138 .

93 3177 177 3233 rure
197 3157 441 3254 corporalium
457 3155 721 3236 conditionum.
781 3153 888 3235 Plane
911 3157 956 3230 ad
980 3158 1164 3234 immorta·

93 3257 235 3345 litatem
255 3258 377 3338 anime
397 3255 456 3334 hic
476 3275 623 3348 quoque
638 3255 899 3354 protegendam
917 3255 955 3330 in
974 3255 1165 3334 mentione

94 3357 226 3440 mortis
240 3355 374 3450 aliquid
392 3355 438 3430 de
456 3355 631 3448 eitrsmodi
649 3356 751 3434 exitu
765 3353 1013 3450 interstruam,
1032 3355 1072 3432 in
1087 3374 1164 3448 quo

92 3455 267 3554 paulatim
282 3477 323 3530 ac
335 3455 537 3532 minutatim
552 3455 667 3536 anima
683 3455 868 3536 dilabitur:
889 3454 1053 3536 habitunt
1067 3455 1163 3538 enim

93 3553 267 3635 sustinens
287 3552 525 3648 desertionis,
561 3555 770 3648 abducitur,
802 3553 887 3633 rium
907 3551 1043 3634 abllrnli
1061 3555 1165 3635 vide·

93 3667 182 3747 tur,
204 3653 491 3748 &conjemrram
505 3653 645 3748 prestat
659 3655 824 3734 interitus
841 3653 885 3730 de
901 3651 1059 3736 excelsus
1071 3671 1163 3734 tem.

93 3766 289 3854 peratore·
326 3753 614 3830 Totaautemin
633 3773 792 3846 corpore
812 3755 846 3832 dt
868 3775 913 3832 ert
938 3751 1165 3850 corporeest
1213 3753 1219 3768 '

8 3845 53 3957 '¹
95 3854 208 3936 rado.
259 3853 357 3936 Nam
375 3853 533 3958 quicquit
556 3853 617 3936 ille
627 3855 760 4030 cexitus
780 3849 1163 3966 mortie,s1oedubin
1304 3957 1305 3962 Ν

667 3969 735 4050 ος
1053 3965 1117 4034 ιιι
1186 4021 1191 4029 .

1231 4189 1284 4212 Δ,
