2540 4334
224 284 227 293 .
319 223 897 312 »unumunurn
1008 247 1161 338 usq

23 333 25 360 Ι
71 411 191 486 nere,
229 387 324 466 aliud
347 389 495 466 modum
519 389 677 466 nubendi
706 385 872 470 statuere.
931 373 1052 486 ,Plane
1076 394 1138 486 qui

20 602 35 666 .·-
71 490 657 686 ἓιξίῐΐὲῗωὲῑίηῗὲὲῗιειωάἓοῗιῖἷῗ
671 493 786 664 οζῐῑιιῑε
803 489 1138 688 matam&
1263 649 1264 660 i

71 693 115 768 in
141 689 312 768 nubendo
346 689 554 782 frequenter
580 687 812 764 sustinendum
837 705 987 786 putent,
1011 709 1077 764 cur
1097 694 1136 766 ii·
1209 717 1220 734 ·

19 781 29 822 ¹·
72 793 149 868 iam
182 791 219 866 in
249 791 318 866 alia
347 789 463 865 cauffo
492 811 610 881 neque
642 785 840 884 sustinent,
878 811 996 883 neque
1030 795 1138 868 veni·

71 891 238 982 fovent,
272 911 354 964 cum
384 890 575 964 tormentis
605 901 807 984 expugnata
838 889 890 964 est
913 891 951 964 in
976 892 1137 988 negatio·

76 988 187 1066 nem?
223 988 361 1084 Utique
379 990 475 1064 euim
497 990 593 1064 illam
614 989 723 1084 magis
739 986 896 1064 excusari
914 992 1031 1084 capit,
1058 1011 1138 1086 que

71 1092 116 1164 in
140 1089 263 1184 praelio
289 1087 447 1182 cecidit,
482 1109 587 1182 quam
612 1109 689 1179 que
714 1089 751 1162 in
777 1089 966 1162 cubiculo:
997 1107 1076 1184 qutu
1097 1092 1138 1168 in

74 1191 240 1282 cquuieo
255 1185 460 1284 succubuit,
488 1209 590 1282 quam
606 1209 682 1280 quo
695 1185 732 1262 io
746 1185 897 1287 rthuloz
923 1209 1000 1282 quae
1013 1191 1137 1273 crudu-

75 1289 172 1366 litcci
191 1285 314 1381 cessit‚·
333 1307 437 1382 quum
457 1309 533 1379 quae
549 1287 703 1362 libidini:
738 1309 815 1380 quo
835 1309 979 1386 gemens
997 1288 1138 1371 devina

73 1385 152 1481 est,
177 1409 282 1482 quam
301 1404 380 1480 quae
396 1385 532 1462 subans.
583 1385 653 1459 Sed
673 1385 768 1462 illam
784 1388 925 1483 quidem
943 1409 964 1462 e
979 1407 1138 1466 commu·

74 1487 264 1564 nicatione
280 1485 482 1580 depellunt,
499 1488 666 1580 quianon
680 1483 839 1560 sustinuit
851 1487 889 1560 in
901 1484 1028 1564 finonu
1045 1487 1138 1564 hune

11 1589 17 1612 ‘
77 1609 173 1661 vero
197 1585 413 1683 suscipiunt,
453 1586 548 1680 quusi
571 1589 605 1659 dt
631 1588 706 1669 haec
728 1583 929 1660 sustinuerit
951 1590 988 1660 in
1015 1585 1135 1666 finem

75 1685 251 1782 Propone
277 1686 361 1778 quid
381 1701 533 1779 utraque
556 1705 631 1758 uon
660 1683 860 1760 sustinuerit
880 1687 918 1762 in
938 1683 1067 1783 finem,
1102 1689 1138 1764 &
1259 1743 1262 1748 -

72 1786 245 1862 inveniro
273 1783 347 1880 ejus
375 1783 523 1860 caudam
549 1784 814 1877 honestiorem,
842 1805 919 1878 quae
945 1783 1138 1884 sevitiam,

73 1905 185 1982 quam
203 1906 281 1978 quae
298 1885 502 1980 pudicitiam
515 1883 680 1958 sustinere
698 1905 774 1956 non
793 1887 935 1978 potuit:
960 1886 996 1960 dt
1016 1900 1137 1964 temen
1258 1885 1262 1894 ’

7 2019 10 2034 v
75 2007 150 2060 nec
174 1999 358 2058 cruentam
377 1983 616 2060 defettionem
637 1979 821 2060 infirmitas
843 1985 956 2060 cumis
977 1986 1135 2084 excuset,

74 2083 212 2162 nedum
225 2084 449 2178 impudicam.
1086 2140 1090 2151 .
1173 2106 1186 2120 ·

160 2188 216 2285 ro.
240 2184 357 2258 Rideo
384 2197 502 2258 autem
530 2201 611 2258 cum
630 2181 817 2258 infirmitas
843 2185 959 2261 carme
983 2183 1136 2284 opponi·

75 2303 162 2379 tur,
180 2305 256 2380 quc
270 2281 401 2358 stimma
411 2283 590 2358 fortitudo
604 2283 752 2358 dicenda
764 2283 824 2360 est.
849 2283 984 2359 Iterum
999 2288 1137 2364 nubere

73 2385 134 2460 est
146 2405 203 2458 res
221 2385 366 2458 virium:
390 2382 572 2480 resurgere
583 2382 622 2456 in
634 2403 746 2476 opera
762 2384 875 2458 carnis
891 2383 935 2458 de
948 2388 1138 2462 contineu-

77 2487 143 2560 tiae
168 2483 275 2578 otio,
309 2481 497 2558 substantia
518 2479 569 2556 est
589 2484 763 2557 laterumt
795 2484 875 2556 talis
895 2479 1080 2560 infirmiter
1102 2483 1138 2561 dr

74 2583 195 2660 tertio
219 2583 404 2676 &quarto
427 2581 594 2676 &usque
618 2581 767 2677 septimo
791 2581 937 2658 forfiten
957 2586 1136 2659 monimo·

75 2685 147 2760 nio
169 2679 313 2758 sufficit:
343 2695 386 2756 ut
406 2685 482 2776 quur
500 2682 637 2781 totiens
659 2683 816 2778 fortior,
842 2683 1008 2776 quotiens
1027 2684 1137 2760 suerit

75 2779 277 2876 infirmior,
299 2781 542 2875 habituraJam
554 2803 631 2856 uon
642 2779 858 2876 Apostolum
873 2797 1057 2877 tutorem,
1077 2782 1138 2860 sed

6 2953 8 2964 .
79 2881 352 2979 Hermogenem
374 2876 553 2976 aliquem,
586 2882 706 2976 plures
726 2877 869 2958 solitum
887 2887 1050 2958 mulieres
1074 2883 1138 2958 du·

78 3003 191 3078 cere,
218 3001 328 3075 quam
340 2981 507 3078 pingere:
540 2981 688 3055 materie
706 2981 798 3058 enim
823 2985 860 3056 in
879 2975 944 3056 illo
967 2981 1136 3078 abundat,

79 3079 233 3156 unde&
256 3083 405 3158 animam
424 3079 494 3154 effe
514 3078 746 3174 praesumens,
778 3083 893 3158 multo
914 3085 1023 3178 magis
1041 3077 1138 3176 spiri·

79 3195 163 3258 tum
183 3201 203 3254 a
218 3177 303 3254 Deo
319 3201 397 3254 noo
410 3181 539 3268 habet3
562 3181 633 3274 J'am
647 3198 716 3254 nec
727 3179 936 3276 psychicus,
963 3179 1044 3273 quia
1060 3197 1138 3260 nou

56 3314 61 3326 ·
82 3281 132 3358 de
152 3277 271 3356 afflatu
285 3268 356 3354 Dei
370 3277 572 3374 psychicus.
624 3279 722 3382 Quid
742 3281 767 3356 si
785 3279 1036 3375 inopiamque
1056 3299 1137 3362 ctu·

39 3405 44 3416 ·
82 3379 202 3473 semu,
217 3394 259 3452 ut
273 3397 414 3457 carnem
427 3378 521 3454 surm
534 3393 657 3475 aperte
671 3373 1136 3478 prostitutamprofiunu,

57 3525 64 3534 ·
84 3479 316 3555 exldbitionis
339 3473 453 3552 canna
470 3479 688 3574 nubentem,
712 3479 847 3555 oblitus
866 3479 910 3554 de
929 3477 1017 3563 unu
1030 3482 1069 3560 σ
1082 3503 1139 3559 m.

57 3625 64 3632 -
72 3581 160 3684 μέγα
181 3603 246 3650 non
269 3575 323 3670 effe
344 3584 555 3670 cognanum„
599 3579 719 3656 Habet
737 3578 856 3654 Deum
878 3577 984 3656 etium
1002 3599 1139 3656 corvo·
1247 3611 1250 3658 i

54 3699 166 3754 -rum
187 3679 446 3772 educatorem,
479 3679 585 3756 etiam
605 3675 736 3752 florum
753 3679 986 3758 excultorem.
1038 3675 1139 3778 Quid

74 3775 355 3856 nsolimdinen
374 3777 500 3854 domus
517 3778 710 3870 obtendat,
737 3773 830 3870 quast
845 3799 914 3855 uur
929 3778 1055 3857 mulier
1068 3779 1139 3854 fio·
1246 3793 1248 3800 ⁴

56 3873 1005 4057 ··uijtiwrr³sto2h0oiuiuiumr10¹io0=
1028 3875 1138 4056 '22¹³‘
1236 3841 1248 3995 ,Ι

1236 4043 1246 4075 ,ι

1239 4077 1245 4119 i
