2586 4334
77 224 83 239 ,
204 157 732 236 nnuesnmenonn
767 175 959 236 curura.
1034 163 1110 250 585

56 319 197 397 Mustio
218 319 334 394 dicimo
355 320 466 400 iocum
525 323 598 417 Qui
612 321 774 414 futuru,
795 323 866 418 jem
880 341 948 396 nm
954 313 1107 413 fureur,

55 429 144 494 moro
155 426 263 518 potius
277 422 396 493 iuberet
410 447 427 490 e
480 423 562 494 oudo
575 425 737 510 monibus,
755 425 807 492 uti
819 419 931 509 habaet
944 421 1109 517 impertire

56 523 219 620 Mezenti.
273 525 386 596 Omnis
397 441 499 610 ὧν
520 528 707 620 turpionem
723 517 1109 618 procederex'oreueflro,
1188 541 1190 548 ·

50 623 101 717 fis
119 627 174 720 qui
185 623 232 717 sst
243 627 383 718 optimus
398 622 439 692 ai
454 623 689 712 edificationem
700 623 800 712 fiiri,
833 635 871 691 ut
891 621 1031 714 gratian
1050 643 1108 710 aug

54 713 209 798 timothus
219 721 353 819 prefici.
408 723 456 794 Et
473 724 575 794 nutu
589 721 773 819 contristare
786 721 933 822 spiritum
952 723 1018 792 Dei
1030 720 1110 808 sert·

31 822 134 897 'isam
154 830 192 892 in
218 843 277 918 quo
291 822 415 917 signati
435 821 527 919 estis,
567 828 605 894 in
626 825 844 916 redemptionis
870 821 930 894 iia.
998 823 1109 892 Omnis

53 923 226 998 amaritudo
245 919 372 1020 (suita,
396 919 434 998 U
454 924 588 1008 ciomor,
614 921 654 1000 ὅ
668 921 873 1019 blasphemio,
898 918 1108 1012 aufereturo

52 1025 156 1110 coiis,
177 1045 246 1094 cum
264 1026 350 1092 omni
365 1021 501 1094 munia.
551 1022 777 1120 Estoteautem
788 1025 834 1092 'in
853 1017 1119 1097 detruncatio,

46 1125 146 1218 migni
157 1165 167 1197 2
190 1121 416 1212 misericordes,
442 1123 593 1194 iurantes
613 1127 773 1212 inuicem,
792 1120 874 1216 sicut
891 1118 930 1196 (Ἰ
946 1123 1038 1192 Daue
1052 1143 1111 1191 vo·

49 1223 97 1298 iic
116 1223 252 1295 donavit
273 1227 309 1290 in
332 1221 468 1320 christo.
531 1221 668 1320 Igitur,
701 1221 762 1314 qui
782 1241 924 1294 carnem
944 1231 1124 1294 veterem.

2 1317 3 1352 ³
51 1323 232 1398 hominem
248 1319 465 1414 existimant,
485 1341 549 1394 cur
563 1342 638 1394 non
653 1333 808 1394 mortem
821 1321 884 1394 fibi
897 1329 1115 1414 properant,¹

2 1461 3 1502 ῑ
53 1439 94 1496 ιιι
111 1433 238 1497 vetere
254 1423 400 1494 homine
417 1419 582 1518 depoflto
594 1421 782 1516 preceptis
795 1417 965 1513 Apostoli
982 1435 1111 1492 oomn-

2 1517 3 1524 ’
52 1519 160 1596 rants
194 1516 417 1616 Nosxenim,
444 1521 503 1613 qui
522 1531 639 1594 totam
661 1515 769 1594 fidem
788 1519 826 1591 in
844 1539 951 1592 carne
967 1517 1111 1594 admini-

51 1619 225 1698 strandam
239 1619 465 1712 credidimus,
483 1621 593 1704 immn
611 1621 725 1712 &per
740 1638 882 1692 carnem
897 1619 997 1712 cujm
1016 1615 1114 1692 est&

53 1741 96 1795 oe
113 1719 157 1794 ad
174 1717 430 1812 proferendum
447 1719 623 1812 optimum
640 1738 816 1811 quemque
830 1715 1051 1812 sermonem,
1071 1716 1113 1800 ,sc

51 1821 171 1916 lingua
197 1819 240 1892 ad
266 1839 341 1892 non
366 1817 698 1912 blasphemandum,
733 1818 768 1892 δι
796 1837 861 1890 eor
888 1815 932 1890 ad
957 1837 1034 1892 non
1060 1817 1135 1908 iu·¹

52 1919 288 2020 (signandum,
323 1915 356 1992 δι
378 1937 502 1997 munus
523 1917 567 1992 ad
588 1917 810 2012 operandum
828 1913 862 1990 δι
880 1915 1126 2014 largiendum.

51 2016 356 2094 tam‘vetustatem
373 2017 528 2091 hominis
546 2039 650 2110 quam
666 2017 895 2109 novitatem,
927 2015 971 2090 ed
996 2035 1113 2108 mora·

50 2121 148 2208 iem,
174 2137 251 2191 non
271 2116 315 2190 ad
330 2113 587 2192 substantialem
604 2115 842 2190 differentiam
858 2119 1039 2211 pertinere
1055 2115 1115 2192 de·
1213 2173 1217 2180 .

49 2217 239 2293 sendimus.
291 2201 414 2318 Atque
436 2217 488 2290 ita
509 2217 641 2310 pariter
670 2214 890 2312 agnoscimus
915 2215 1114 2308 honinem,

51 2320 114 2413 qai
129 2315 323 2395 iocundum
340 2313 520 2412 pristinam
537 2313 850 2390 conversationem
865 2327 972 2396 uenus
989 2315 1115 2407 suerit,

51 2416 206 2493 eundem
228 2414 263 2490 δι
283 2415 490 2508 corrumpi,
515 2413 567 2488 ita
586 2413 715 2490 dium
733 2411 924 2488 secundnm
944 2414 1115 2508 concupi·

47 2515 222 2590 scentiam
236 2513 470 2607 seductionis,
503 2513 800 2607 quemadmodum
816 2511 850 2588 δι
864 2525 1047 2606 veterem,
1066 2511 1117 2588 se·

49 2615 210 2690 cundum
237 2611 427 2710 pristinam·
440 2613 785 2708 conversationem,
820 2633 897 2686 non
924 2611 1117 2692 secumdum
1194 2641 1201 2654 ·

48 2737 224 2807 carnem,
259 2733 323 2809 per
341 2714 525 2788 interitum
543 2727 766 2808 perpetuum.
819 2713 988 2790 Ceterum
1009 2732 1118 2788 carne

48 2831 123 2890 tam
141 2811 276 2888 salvum
294 2832 398 2904 quam
416 2813 588 2888 eundem:
622 2825 755 2906 utpote
777 2811 944 2893 vitiosam
967 2811 1116 2908 discipti-
1181 2845 1189 2864 ι

47 2937 156 3008 nam,
183 2933 261 2986 non
276 2913 537 3008 corpulentiam
553 2925 713 2987 exutum.

112 3015 188 3104 ‘46.
215 3009 343 3088 Talem
367 3011 501 3104 ubique
520 3009 739 3104 Apostolum
762 3009 1030 3108 recognoscas,
1064 3009 1118 3083 ita
1173 3020 1179 3029 '

2 3155 3 3184 ;
47 3113 170 3190 carnis
191 3131 304 3204 opera
320 3109 567 3220 damnantem,
593 3127 635 3186 ut
653 3131 798 3186 earnem
814 3109 978 3184 damnare
993 3108 1116 3182 videa·

2 3251 3 3276 ÷
46 3229 130 3290 tur:
156 3207 217 3286 sed
236 3231 282 3284 ne
300 3211 350 3283 ita
370 3211 447 3302 quis
467 3207 663 3304 existimet,
696 3209 899 3284 &aliorum
919 3210 979 3282 vel
1000 3207 1118 3282 eohae·

44 3313 212 3389 nntium
226 3306 384 3385 sensuum
406 3309 565 3407 suggestu
584 3325 851 3404 procurantem.
904 3307 1000 3387 Nam
1016 3307 1051 3381 δι
1067 3305 1118 3380 di·

47 3433 138 3488 cens
179 3435 228 3482 eos
267 3413 323 3507 qn·
360 3413 397 3480 in
435 3433 531 3482 cerne
550 3410 649 3510 flur,
691 3414 758 3482 Deo
784 3411 904 3507 placen
934 3431 1001 3482 mn
1027 3404 1119 3508 poffl,
1232 3444 1235 3452 ·

44 3511 171 3587 statim
208 3509 254 3583 de
285 3527 403 3602 pravo
441 3508 625 3585 intelleiiu
659 3510 702 3584 ad
732 3509 911 3608 integrum
941 3519 1120 3597 revocat,

46 3613 245 3706 adjiciens:
278 3613 341 3682 Vos
356 3623 462 3680 autem
481 3631 547 3678 non
571 3611 641 3707 assis
662 3614 699 3680 in
715 3633 828 3696 corne,
853 3609 909 3698 ‚sei
930 3613 968 3680 in
981 3609 1118 3705 spiritu.

44 3709 127 3786 uos
157 3709 278 3801 enim,
311 3727 403 3800 quos
429 3709 467 3781 in
493 3727 599 3784 carne
620 3705 689 3784 esse
713 3707 918 3802 constabat,
953 3707 1146 3804 negando·

44 3811 84 3888 in
100 3831 218 3886 carne
234 3805 326 3904 esse,
352 3807 391 3884 in
405 3805 703 3984 opeributgarnis
717 3805 876 3913 noneffe
887 3807 1120 3981 monstssapat

352 3929 357 3937 .
613 3929 638 3984 0
664 3927 686 4002 5
1058 3949 1071 3966 ·
