2586 4334
161 173 236 262 586
300 167 357 272 Q.
382 132 514 246 Sara.
543 167 679 246 Fron.
715 155 1057 246 Ta'nruaarnru

159 328 286 422 Atque
301 329 352 404 ita
370 331 453 406 ilios
474 330 616 407 demum
631 332 716 406 Deo
734 333 876 424 placere
894 351 972 404 non
994 304 1131 426 posse:-
1142 304 1227 409 non
1275 377 1279 385 .

144 430 221 522 ,qui
237 429 400 504 incarne
419 430 551 526 effent,
576 429 636 508 sed
653 433 713 522 qui
731 429 918 504 carnaliter
932 431 1121 506 viverent:
1145 433 1225 524 ple

160 549 244 604 cere
260 543 379 604 autem
384 529 475 609 Deo
493 531 597 627 illos,
626 533 687 624 qui
703 533 739 604 in
754 551 860 603 carne
873 529 1000 624 pufiti,
1028 529 1225 624 secumdum

157 622 573 724 spirimmmcederene'
614 629 664 704 Et
685 629 825 706 rursus:
860 636 978 728 corpus
1003 630 1146 722 quidem
1172 631 1225 707 ait
1272 626 1283 651 '

155 747 336 816 mnarum,
355 727 422 804 ·sed
438 749 566 827 propter
581 733 849 828 delinquentiam:
881 729 971 804 ficut
989 733 1145 825 spirirum
1168 733 1226 802 vi*

156 845 225 904 aaa
238 848 367 926 propter
380 829 552 930 justitiam.
605 833 729 906 Vitam
754 843 871 904 autem
890 831 1000 902 morti
1026 851 1219 923 opponens

154 927 194 1004 in
210 949 315 1004 carne
336 928 565 1024 constituta,
599 929 672 1004 srne
688 932 798 1004 dubio
818 931 889 1004 illic
911 929 1074 1002 &vitam
1093 949 1221 1022 repro·

51 1101 56 1108 .
102 1041 106 1050 '
154 1029 247 1106 mint
266 1051 310 1102 ex
328 1029 481 1124 justitia,
507 1033 568 1104 ubi
586 1044 740 1106 mortem
764 1027 1017 1104 determinavit
1039 1049 1087 1100 ex
1106 1029 1221 1103 delin-

111 1198 118 1211 ,
154 1129 312 1220 quentia.
370 1127 540 1204 Ceterum
558 1129 687 1204 frustra
708 1127 879 1224 opposuit
893 1130 1011 1216 ,vitam
1031 1129 1166 1222 morti,
1193 1127 1221 1202 sr

152 1249 233 1304 non
249 1227 301 1302 est
314 1227 406 1322 iidie,
434 1231 495 1303 ubi
511 1229 562 1306 est
577 1231 613 1303 dt
627 1229 721 1328 ipsa,
748 1232 804 1302 eui
818 1247 895 1302 eam
909 1227 1079 1322 opposuit
1095 1231 1220 1302 exclu-

152 1325 280 1402 denda
299 1327 423 1422 utique
445 1331 490 1403 de
510 1351 678 1426 corpore.
729 1329 843 1404 Porro
859 1329 885 1402 fi
903 1330 979 1413 vita
995 1341 1151 1401 mortem
1172 1329 1220 1402 de

152 1447 312 1522 corpore
332 1429 511 1523 excludit,
537 1451 614 1504 non
634 1425 758 1524 potest
773 1429 809 1502 id
824 1423 1022 1521 perficere,
1047 1425 1113 1502 nist
1128 1427 1220 1502 illud

150 1539 340 1626 penetret,
366 1530 428 1601 ubi
444 1529 606 1623 estquod
623 1518 791 1604 excludit.
842 1523 891 1598 Et
908 1526 992 1618 quid
1010 1547 1080 1623 ego
1096 1527 1218 1602 nodo·

149 1625 240 1720 fius,
266 1628 347 1700 cuin
361 1625 562 1725 Apostolus
578 1627 798 1707 absolutius?
824 1630 864 1698 Si
876 1632 979 1711 enim,
997 1625 1135 1720 inquit,
1145 1627 1219 1724 spi-

151 1729 238 1799 ritus
253 1730 320 1826 ejus
338 1729 393 1824 qui
402 1731 572 1818 suscitavit
591 1731 721 1826 Jesum,
752 1728 881 1801 auitae
900 1731 937 1796 in
950 1729 1056 1797 vobit:
1087 1732 1144 1823 qui
1156 1729 1218 1818 su·

143 1825 280 1920 [citavit
299 1823 415 1924 Jesum
436 1857 457 1902 a
479 1835 638 1916 mortuis,
664 1829 828 1920 sufiimbit
853 1823 892 1903 U
913 1828 1062 1898 mortalia
1088 1848 1218 1923 corpora

147 1925 1217 2122 iteratur{interimeturianua

146 2123 223 2202 hoc
243 2125 437 2202 &carnem
460 2148 591 2224 negare
609 2150 684 2202 non
706 2127 827 2222 poisat:
859 2128 974 2199 carnis
993 2078 1138 2218 quoq’ue
1158 2146 1217 2200 re·

2 2305 5 2310 ,
146 2222 411 2300 suscitationem
437 2242 635 2323 cogatura
685 2227 808 2302 oscere
836 2225 1026 2300 secundum
1054 2224 1218 2317 ejusdem
1271 2305 1275 2313 ,

146 2321 257 2398 statur
277 2329 580 2404 communionem.
671 2351 694 2401 x
716 2325 944 2422 sequentibus
966 2325 1081 2400 adhuc
1098 2323 1216 2422 discap

147 2445 261 2520 opera
288 2427 402 2500 carnis
427 2427 614 2522 damnari,
645 2449 722 2502 non
751 2425 869 2529 ipsam.
935 2430 1048 2523 Itaque
1065 2425 1215 2517 francs,

146 2524 219 2618 ait,
253 2523 399 2598 deiicerer
416 2531 526 2616 sumus
546 2553 611 2599 non
636 2532 751 2614 corni,
778 2543 815 2597 ut
825 2525 994 2614 secundum
1013 2547 1138 2596 carnem
1156 2532 1213 2596 vi·

144 2647 269 2696 vamur.
323 2624 364 2702 Si
378 2635 460 2698 enim
470 2629 640 2716 secundum
660 2653 784 2701 carnem
801 2616 977 2712 eieceritis,
998 2625 1153 2717 futurum
1172 2627 1215 2723 est

144 2739 185 2796 ei
199 2729 401 2798 moriamini:
426 2727 540 2816 fiocro
554 2731 679 2824 lpiritu
695 2732 802 2800 carnis
818 2727 909 2798 atius
924 2725 1213 2818 mortificaveritis,

143 2827 279 2896 vivetis.
329 2825 446 2900 Porro
463 2839 507 2902 ut
524 2827 567 2902 ad
585 2828 718 2925 singula
734 2847 883 2922 quaque
903 2825 1157 2919 respondeam,
1184 2827 1213 2901 st

142 2922 312 3000 incarne
338 2925 565 3020 constitutis,
605 2925 796 3002 secundum
820 2923 978 3022 spiritum
1004 2939 1122 2998 tamen
1150 2925 1214 3000 de·

142 3024 332 3198 pentibus,
358 3025 447 3100 salus
471 3027 759 3121 repromittitur,
783 3028 952 3118 jamnon
976 3045 1060 3096 caro
1082 3022 1215 3098 adver·

135 3137 239 3198 ,atur
266 3123 392 3218 saluti,
430 3123 489 3200 sed
512 3128 677 3219 operatio
702 3127 827 3232 carnis.
897 3123 1123 3218 Operatione
1150 3145 1215 3198 au·

142 3233 219 3298 tem
234 3225 348 3296 carnis
371 3223 532 3318 exclusa,
551 3247 628 3316 quae
649 3224 763 3298 cauffo
776 3221 828 3298 est
848 3225 997 3315 mortis,
1024 3221 1122 3301 salve
1135 3224 1216 3316 jam

142 3339 232 3394 earo
251 3321 470 3418 ostenditur,
486 3321 600 3401 causs'a
617 3345 741 3400 carens
757 3325 896 3400 mortis.
953 3329 1023 3396 Lex
1036 3329 1136 3414 enim,
1158 3327 1215 3398 in·

141 3423 241 3514 quit,
261 3421 403 3518 spiritus
426 3431 505 3494 vite
527 3429 565 3495 in
585 3423 811 3522 Christo-JJesu
824 3425 1014 3516 'manumifit
1037 3447 1085 3493 me
1106 3451 1126 3494 a
1148 3425 1217 3518 iege

141 3521 367 3618 delinquentia
380 3522 419 3599 u
434 3529 565 3610 mortis,
594 3536 693 3598 certe
707 3545 810 3616 quam
830 3524 993 3620 praemifit
1007 3523 1154 3594 hahitare
1172 3534 1214 3596 m

141 3622 287 3703 membris
305 3617 429 3718 vepris.
479 3621 581 3720 Ergo
600 3623 673 3718 jam
692 3627 851 3698 membra
871 3623 993 3700 nostra
1012 3623 1092 3718 lege
1112 3645 1214 3696 mor-

106 3793 110 3802 „
141 3715 189 3792 tis
212 3739 289 3791 non
311 3723 553 3815 tenebuntur,
581 3724 662 3815 quia
683 3744 752 3797 nec
776 3723 1026 3816 delinquentia
1045 3743 1064 3794 a
1080 3722 1213 3814 qmbus

141 3815 347 3894 manumiss'e
366 3817 456 3898 sunt.
469 3853 492 3894 e
514 3825 610 3920 Quod
626 3829 713 3895 enim
727 3825 908 3908 invalidam
924 3839 995 3896 crat
1006 3825 1079 3916 legis
1093 3826 1131 3890 in
1147 3849 1214 3921 que

942 3969 944 3976 ·
1062 3923 1157 4011 infin
