2540 4334
10 213 11 300 ξ
186 174 258 310 1546
332 193 381 298 Q.
413 151 1085 270 s'msl'nbr.'tinearum
1195 159 1198 174 ’

185 335 292 434 tibus.
341 349 498 433 Totiens
520 351 614 430 enim
629 353 752 466 uoluit
765 349 946 428 celebrare
962 319 1046 448 eas,
1072 349 1245 448 quotient

185 453 316 654 &ege
331 551 401 628 Sed
425 514 828 652 hae'argumentationes
849 551 971 646 potius
997 547 1245 627 existimentur

185 657 232 743 ce
263 649 476 748 conjettmis
511 649 643 726 coattae
687 643 733 726 'sr
758 671 834 726 non
860 647 1097 724 &sententia
1131 647 1245 742 affito

183 761 298 850 rint,
324 773 410 850 quaa
441 746 606 826 dominus
640 703 751 826 einifit'
782 749 821 824 in
850 747 990 844 repudii
1020 747 1243 842 retractatu,

185 855 287 952 quod
316 849 517 948 permissum
554 849 742 944 aliquando
774 849 847 944 jam
876 849 1070 944 prohibet:
1103 850 1150 922 in
1185 850 1245 946 pri·

185 959 275 1049 mis,
310 953 392 1050 quia
414 951 457 1030 ab
481 955 579 1022 initio
598 975 664 1023 non
675 947 816 1050 subfic,
843 947 932 1024 ficut
946 947 1174 1024 matrimonii
1192 969 1245 1022 nu-

185 1073 327 1134 merus:
362 1065 440 1126 tum
461 1055 535 1148 qaia
557 1075 632 1148 quas
661 1048 750 1122 Deus
770 1047 967 1147 conjunxit,
997 1050 1085 1120 homo
1108 1074 1187 1122 non
1203 1047 1246 1139 st·

183 1157 336 1256 parabit,
370 1149 567 1226 scilicetne
593 1162 721 1224 contra
745 1147 928 1224 dominum
954 1145 1072 1223 faciat.
1140 1145 1244 1224 Solus

184 1255 282 1337 enim
299 1251 360 1328 ille
379 1247 574 1346 separabit,
611 1249 672 1345 qui
695 1247 729 1322 u
751 1247 959 1342 conjunxit;
988 1244 1175 1340 separabit
1197 1269 1245 1324 att

186 1368 262 1432 tem
282 1372 359 1430 non
383 1369 448 1446 per
470 1347 635 1422 duritiam
651 1345 814 1448 repudii,
841 1367 944 1440 quam
960 1346 1188 1442 exprobrat,
1219 1345 1245 1422 b

79 1446 82 1458 '
188 1447 405 1550 compescit,
430 1445 568 1542 sedper
585 1447 744 1524 debitum
760 1447 900 1522 mortis.
945 1441 986 1537 ‚Si
1004 1445 1152 1540 quidem
1167 1473 1245 1520 urm

133 1547 136 1558 ’
187 1581 227 1628 att
240 1551 411 1654 pasteribus
433 1551 546 1620 durius
565 1571 631 1620 nort
647 1550 732 1620 cadit
748 1551 786 1618 in
805 1540 996 1644 terramssrrt
1006 1555 1115 1644 patris
1131 1549 1245 1622 volut·

186 1665 279 1740 iare,
302 1647 409 1748 igitur
430 1649 545 1746 siquos
567 1649 657 1725 Deus
679 1651 869 1746 conjunxit,
893 1644 981 1727 bomo
1004 1671 1069 1718 nrm
1082 1647 1245 1742 separadii

186 1751 363 1848 repudio,
389 1767 488 1842 aeque
514 1745 791 1822 consentaneum
811 1741 880 1840 est,
905 1759 947 1818 ut
962 1767 1053 1840 quos
1071 1737 1181 1822 Deus
1202 1745 1243 1822 se·

186 1851 330 1947 paravit
352 1860 494 1940 morte,
529 1847 643 1920 homo
669 1865 745 1918 non
772 1847 967 1942 conjungat
988 1845 1242 1938 matrimoni05

49 1971 52 1978 ·
185 1944 343 2048 proinde
366 1959 494 2020 contra
511 1943 584 2018 Dei
604 1945 830 2018 voluntatem
848 1943 1031 2038 juniiurus
1052 1943 1243 2053 separatio

184 2068 294 2141 nem,
320 2060 427 2137 atque
445 2043 469 2116 sr
485 2041 669 2136 separasset
684 2041 983 2136 conjunsiionem.
1035 2041 1123 2119 Hoc
1139 2067 1244 2140 quan·

185 2155 267 2224 tum
290 2145 334 2220 ad
352 2143 424 2220 Dei
444 2145 671 2218 voluntatem
691 2163 767 2216 non
789 2139 1058 2238 destruendam,
1095 2145 1132 2218 tr
1154 2145 1243 2220 initii

93 2311 98 2318 .
189 2243 342 2324 formam
362 2239 611 2318 restruendam.
671 2239 896 2318 Ceterum&
912 2243 979 2316 alit
993 2243 1088 2319 ratio
1106 2244 1245 2340 conspi-

185 2361 268 2439 rat,
294 2346 368 2420 imo
383 2361 460 2416 non
482 2341 569 2434 alia,
601 2338 660 2418 sed
678 2362 754 2434 quae
772 2343 863 2416 initii
885 2341 1038 2418 formam
1062 2345 1253 2442 imposuit,

182 2447 226 2524 tit
244 2447 474 2520 voluntrtem
495 2441 566 2516 Dei
588 2441 708 2518 movit
729 2439 774 2516 ad
786 2441 1068 2536 prohibitionem
1088 2447 1242 2539 repudii:

179 2547 358 2640 «quoniam
376 2543 436 2634 qui
451 2545 604 2626 dimiserit
616 2563 742 2622 uxorem
750 2541 861 2637 suant,
882 2559 1148 2642 putatum-ex
1161 2545 1242 2635 raab

181 2649 224 2735 fir
237 2645 403 2726 adulterii,
418 2639 505 2732 facit
517 2641 790 2730 eamadnsterari.
843 2639 891 2714 Et
906 2645 962 2740 qui
975 2641 1128 2736 dimifflrm
1140 2672 1160 2716 a
1172 2649 1242 2718 ain

182 2749 333 2827 ,ἀπαιτέῃ
341 2741 542 2815 adnituntur
556 2746 683 2838 urique:
700 2759 782 2816 nam
796 2739 830 2814 dt
844 2739 980 2818 nubere
994 2741 1153 2840 legitime
1168 2767 1242 2819 non

180 2839 526 2941 rpotestrepudiata,
553 2839 627 2914 &ii
643 2837 726 2934 quid
743 2839 813 2914 tale
829 2839 1065 2934 commiserit,
1079 2841 1160 2918 ‘fine
1174 2865 1243 2920 ma-

191 2941 352 3018 trimonii
371 2937 544 3033 nomine,
570 2960 647 3012 non
669 2937 763 3034 capit
786 2939 942 3036 elogium
964 2941 1151 3040 adulterii,
1175 2965 1240 3038 qur

179 3040 405 3118 'adulterium
427 3040 465 3112 in
488 3037 717 3112 matrimonio
743 3037 874 3114 crimen
896 3038 957 3115 est.
1016 3037 1117 3115 Deus
1143 3045 1240 3119 aliter

192 3139 349 3231 censuit,
376 3138 464 3212 citra
484 3159 587 3229 quam
606 3137 791 3229 homines,
817 3134 913 3212 utin
935 3151 1055 3215 toturn
1078 3141 1156 3220 five
1177 3159 1241 3240 pa

190 3241 355 3336 nuptias,
366 3279 370 3288 ·
380 3237 454 3311 live
471 3237 607 3334 vulgo,
624 3235 767 3312 alterius
780 3233 849 3308 viri
863 3235 1015 3316 admistio
1032 3239 1242 3325 adulterius

191 3337 468 3438 pronuntietur,
492 3357 513 3408 a
533 3337 626 3412 Deo.
685 3335 877 3412 Videamus
899 3335 994 3414 enim
1014 3339 1099 3434 quid
1115 3339 1158 3418 stt
1172 3361 1239 3419 nn·

190 3437 397 3512 trimodiam
416 3435 509 3530 apud
527 3433 668 3513 Deum:
702 3431 804 3510 &ita
822 3431 1079 3534 cognoscemus
1098 3441 1184 3532 quid
1199 3442 1240 3519 st
1258 3503 1259 3508 Ν

189 3555 292 3628 oque
307 3535 527 3611 adulterium.
575 3533 846 3612 Matrimonium
860 3533 932 3632 est,
955 3555 1037 3614 tum
1051 3537 1259 3635 neusjm.

192 3637 245 3733 git
261 3634 351 3708 duos
370 3637 407 3708 in
425 3655 530 3710 unam
547 3653 712 3728 carnem,
739 3647 800 3708 aut
813 3632 956 3728 juniioa
971 3636 1243 3734 deprehendere

177 3737 231 3810 -in
253 3737 380 3811 eadem
395 3753 528 3828 enne,
560 3725 897 3834 conjumdijonemsr
946 3724 1053 3817 auit'
1093 3733 1259 3842 Adde,

191 3829 369 3930 rituti,
395 3851 477 3912 curn
492 3833 770 3932 quoquomodo
785 3831 900 3944 disjup
982 3832 1240 3948 dupbua,..'aiia

1094 3942 1202 4036 tart,
