2540 4334
274 189 836 313 'messenatae
926 273 935 299 ,
1049 207 1098 282 81
1179 269 1204 302 ‚y

25 349 64 430 se
80 351 325 452 conspirasse,
357 347 393 430 dt
414 356 617 435 indiuiduas
635 361 675 434 in
693 381 771 436 uno
789 361 899 455 patris
916 359 992 438 sinu
1008 363 1099 438 ado·
1128 433 1130 440 ,

27 453 165 534 sevisse.
228 459 280 529 At
302 456 397 533 enim
419 477 524 551 quarn
547 459 681 554 primus
702 459 872 558 senserat,
905 483 1096 556 perquam

26 555 238 649 delinquere
259 557 485 652 intraverat,
520 558 564 632 de
587 559 650 634 suo
671 558 920 656 experimento
940 563 1025 655 quid
1046 563 1096 642 ad

24 655 249 749 peccandum
272 657 459 752 adjuvaret
479 655 656 754 struitur,
690 660 837 734 eandem
858 661 1093 759 impingendo

25 757 62 827 in
80 757 217 830 crimen
230 756 368 830 homini
385 757 599 832 advocavit:
620 773 805 833 conventa
816 757 932 835 statim
948 763 999 834 iiii
1014 783 1093 838 mu·

24 853 113 950 lier,
138 875 218 930 non
233 867 369 930 temere
383 857 532 932 dixerim
547 879 613 952 per
632 859 869 952 conloquium
884 859 993 954 ipsum
1012 863 1092 956 ejus
1247 853 1248 918 Γ

25 953 142 1030 afflata
158 953 211 1028 est
225 953 349 1050 spiritu
363 957 585 1050 impatientia
594 958 751 1054 infecto,
767 977 881 1054 usque
893 960 985 1034 adeo
998 981 1093 1036 mm·

26 1075 130 1147 quam
148 1055 303 1130 omnino
325 1053 525 1152 peccasset,
557 1058 582 1132 sr
605 1059 642 1132 in
664 1059 798 1132 divino·
814 1057 1004 1132 interditto
1027 1071 1093 1156 pa'·

22 1155 187 1250 tientiarn
201 1153 446 1248 perservasset
498 1155 598 1256 Quid
618 1159 718 1251 quod
741 1179 817 1231 non
835 1155 996 1232 sustinuit
1013 1157 1094 1236 solt*
1130 1215 1139 1222 -
1191 1247 1194 1253 ¹

24 1271 238 1328 conventa:
273 1253 335 1344 sed
356 1255 449 1352 apud
466 1253 582 1332 Adam
601 1257 764 1332 nondum
783 1259 970 1350 maritum,
995 1279 1091 1332 non-
1130 1335 1133 1350 ,

24 1352 108 1429 dum
130 1373 235 1430 aures
260 1353 321 1430 fibi
344 1355 560 1448 debentem,
597 1357 784 1452 impatiens
810 1357 917 1430 etiam
943 1357 1090 1432 tacendi

26 1453 89 1546 est,
106 1455 150 1527 ad
163 1457 350 1530 traducem
362 1455 460 1528 iilum
472 1455 564 1550 eius,
586 1457 825 1549 quodamalo
838 1456 1014 1550 hauserat,
1036 1455 1090 1530 sa-
1150 1474 1158 1491 ³

26 1555 85 1630 cit.
135 1553 236 1628 Perit
252 1553 405 1650 igitur&
421 1555 508 1628 eiius
521 1556 635 1628 homo
648 1575 714 1649 per
729 1557 983 1650 impatientiam
997 1559 1089 1630 aite-

27 1655 112 1726 rius:
138 1655 235 1750 perit
249 1675 336 1728 mox
354 1654 390 1728 dr
403 1655 477 1748 ipse
491 1675 556 1750 per
565 1655 822 1747 impatientiam
836 1652 931 1730 suem
946 1659 1088 1729 utrobi·

29 1774 94 1844 que
120 1751 363 1830 commiffamt
399 1753 552 1828 &cirea
577 1751 648 1827 Dei
674 1753 1013 1856 praemonitionem,
1050 1753 1088 1830 u

30 1851 267 1930 circadiaboIi
284 1851 671 1948 circumscriptionem,
695 1855 791 1928 iilam
802 1851 965 1950 servare,
989 1857 1088 1928 itanc

32 1949 181 2028 refutare
204 1975 283 2027 non
305 1952 487 2031 sustinent.
550 1951 648 2028 Hinc
674 1955 785 2048 prima
803 1953 952 2049 judicii,
985 1955 1087 2030 unde

34 2051 138 2126 desidi
154 2055 282 2150 origo:
314 2053 399 2128 hine
413 2051 514 2128 Deus
534 2051 632 2127 irasci
649 2052 820 2147 exorsus,
850 2054 949 2126 unde
963 2051 1087 2140 offen·

33 2147 109 2224 dere
129 2153 245 2230 homo
266 2151 441 2228 inunum.
491 2151 580 2231 Inde
600 2155 638 2228 in
655 2153 741 2228 Deo
761 2157 876 2248 prima
895 2155 1086 2250 patientia,

32 2249 119 2324 unde
133 2253 335 2350 indignatio
354 2253 478 2348 prima.
536 2254 612 2348 Qui
633 2269 719 2326 tunc
737 2252 987 2328 malediffione
1006 2251 1086 2328 sola
1166 2319 1169 2332 .

32 2363 249 2446 contentus,
287 2355 330 2426 ab
359 2351 673 2428 animadversorie
698 2351 834 2446 impetu
863 2353 902 2424 in
931 2353 1086 2428 diabolo

31 2451 251 2544 temperavit.
301 2451 379 2525 Aut
400 2451 499 2544 quod
522 2453 658 2526 crimen
683 2467 767 2526 ante
787 2449 880 2524 istud
896 2452 1085 2545 impatien-

31 2547 86 2624 tie
105 2550 280 2626 admissum
297 2551 435 2626 homini
458 2551 682 2649 imputatur?
712 2551 894 2625 Innocens
915 2565 1019 2644 erat,
1048 2549 1085 2634 dt

29 2641 110 2724 Deo
123 2649 166 2724 de
180 2651 349 2746 proximo
361 2653 517 2746 amictu,
535 2649 731 2746 &paradisi
746 2653 913 2726 colonua
952 2647 1086 2725 Atubi

32 2745 131 2823 semel
151 2747 299 2824 succidit
320 2751 569 2846 impatientiae,
603 2751 732 2825 desivit
748 2749 831 2824 Deo
853 2747 994 2844 sapere,
1021 2750 1086 2824 de-
1112 2797 1115 2805 ·

33 2845 108 2924 sivit
127 2849 280 2926 coelestia
305 2846 473 2924 sustinere
497 2849 610 2946 posse.
671 2845 812 2924 Exinde
832 2849 949 2924 homo
972 2863 1083 2934 terre

34 2943 149 3043 datus,
173 2948 265 3027 &ab
277 2952 394 3024 oculis
413 2949 483 3026 Dei
496 2947 648 3046 ejestuS,
667 2949 772 3024 saciie
784 2947 943 3042 usupari
955 2949 1001 3020 ab
1014 2949 1082 3024 im-

32 3047 195 3136 patientia
225 3051 335 3144 coepit
363 3049 401 3123 in
433 3071 544 3125 mnne
577 3049 675 3142 quod
706 3047 826 3122 Deum
860 3047 1081 3124 offenderet.
1200 3067 1201 3074 ‘

33 3139 121 3220 Nam
135 3147 247 3224 statim
264 3151 325 3224 illa
338 3145 468 3225 semine
484 3149 618 3226 diaboli
630 3163 836 3243 concepta,
857 3148 1001 3222 malitiae
1016 3147 1082 3220 foe·

36 3245 234 3342 conditam,
263 3247 351 3326 iram
374 3245 486 3326 filium
503 3251 730 3346 procreavit:
754 3247 890 3321 editum
909 3243 977 3320 suis
995 3249 1081 3321 aru-

34 3337 97 3418 bus
112 3347 247 3426 erudiit.
297 3349 411 3449 Quod
425 3351 521 3424 enim
539 3345 651 3444 ipsum
660 3347 775 3421 Adam
790 3346 826 3420 dt
838 3345 954 3422 Euam
963 3348 1080 3422 morti

38 3439 259 3545 immerserat,
287 3447 414 3524 docuit
433 3450 469 3525 dr
489 3447 602 3525 fllium
621 3449 666 3522 ab
688 3445 883 3522 homicidio
903 3447 1079 3541 incipere.

38 3531 168 3619 Frustra
185 3547 275 3624 istud
299 3547 528 3642 impatientiae
552 3543 817 3641 adscripserim,
848 3545 874 3619 sr
899 3545 991 3622 Cain
1014 3549 1080 3624 ilie
1183 3577 1187 3590 ·

36 3639 158 3732 primm
179 3647 383 3742 homicida,
423 3648 609 3744 &primus
631 3645 830 3735 fratricida,
869 3647 1079 3721 oblationes

38 3733 110 3812 suas
125 3763 143 3814 a
157 3743 299 3823 domino
320 3744 497 3822 recusatas
514 3747 782 3840 equanimiter,
808 3765 876 3818 nec
893 3747 1079 3838 impatien-

39 3849 90 3914 ter
103 3843 196 3920 tulit:
218 3847 371 3954 ditatus
390 3847 493 3925 fratri
507 3845 571 3924 suo
590 3841 753 3942 nonest,
777 3842 998 3922 fincminem
1016 3845 1079 3920 de·

79 3935 208 4058 1Tertiis.
238 3947 327 4028 Tm.
346 3949 393 4028 si.
610 3943 641 4024 1¹¹
793 3963 802 3980 ·
908 3945 1027 4039 nique
