2586 4334
98 120 112 159 ὑ

191 207 278 272 ur
311 187 746 268 Reruatnonroue
777 207 971 266 cature
1004 175 1174 290 '587

67 349 288 466 moniam
295 371 353 448 ptr
366 375 514 444 mmm,
540 345 625 446 miffi
641 351 808 445 Deusjilio
821 353 902 436 fito
888 375 925 422 m
937 317 1122 442 finuiacim

67 459 169 524 tarnis
187 452 433 550 delinquentia,
467 451 507 530 U
531 471 586 547 par
603 477 728 524 cernam
748 454 919 522 damnavit
936 451 1123 547 delinquen-

40 557 142 626 ·ttem
166 575 203 622 ιι
227 577 339 636 carne,
373 571 449 628 non
476 553 680 627 tamenin
704 551 967 642 delinquentia.
1002 569 1122 642 neque
1206 620 1217 640 ,

66 655 155 728 enin
178 651 306 726 domur
326 673 407 728 cum
426 651 630 727 habitatore
652 649 886 726 damnabitur.
909 664 920 687 ⁴·
926 651 1121 730 Habitare

64 754 154 828 enim
177 765 366 846 peccatum
390 751 515 825 dixit
504 773 541 826 ιι
565 771 724 846 corpore
743 747 881 825 nostro,
944 750 1124 824 Damnata
1255 755 1258 767 “

63 851 433 942 tutemdelinquentia
446 871 531 926 caro
545 849 706 925 absoluta
719 847 792 945 ast,
816 849 1122 929 fittrtindenntta
1201 875 1221 884 ·’

10 953 11 1020 l
61 973 104 1026 ee
119 953 197 1048 lege
214 953 341 1024 mortis
363 949 663 1045 &delinquentiae
681 947 848 1026 oborta
868 937 930 1026 est.
979 947 1038 1023 Sic
1057 946 1121 1024 etfi

9 1077 10 1088 ι
62 1048 195 1126 sensum
217 1049 332 1124 carnis
352 1065 510 1126 mortem
530 1051 747 1146 appellavit,
781 1049 910 1125 dehine
927 1049 1123 1124 &inimici-

62 1152 146 1228 tiam
167 1149 210 1224 ad
230 1149 373 1224 Deum:
405 1149 465 1226 sed
486 1171 563 1224 non
584 1171 727 1224 carnem
746 1147 865 1246 ipsam.
925 1147 992 1222 Cui
1015 1167 1120 1246 ergo,

61 1249 183 1343 dicer,
215 1249 441 1342 reprttubitur
461 1248 576 1324 sensus
599 1251 740 1344 carnis,
771 1247 798 1322 li
824 1269 900 1322 non
923 1245 1124 1325 substantio

59 1347 148 1444 ipsr?
171 1349 313 1451 planess
326 1352 539 1466 probaveris
554 1349 684 1444 aliquid
698 1369 842 1424 curnem
855 1347 900 1422 de
912 1346 976 1421 suo
988 1345 1121 1444 sapere.

59 1447 95 1522 Si
116 1469 209 1524 vero
229 1449 302 1522 sne
323 1450 438 1545 anima
461 1449 592 1524 nullius
612 1447 664 1524 est
678 1446 815 1540 sonitu,
841 1449 1022 1544 intellige,
1048 1446 1124 1522 sen

60 1547 133 1623 sum
160 1550 275 1624 carnis
299 1549 341 1621 ad
362 1551 512 1626 animam
530 1545 599 1624 ell'e
622 1543 888 1656 referendum,
898 1550 995 1621 carni
1015 1550 1127 1622 inter

59 1649 142 1729 dum
164 1647 436 1743 deputandum,
471 1648 555 1742 quia
572 1661 725 1743 propter
744 1641 888 1721 carnem'
912 1645 1030 1744 &per
1048 1665 1124 1723 car·

58 1769 142 1824 uem
156 1747 432 1823 administratur:
460 1747 590 1824 &ideo
606 1749 765 1822 habitare
780 1748 829 1820 ait
845 1747 1124 1840 delinquentiam

58 1849 95 1922 in
112 1865 247 1940 carne,
281 1849 365 1940 quia
379 1847 415 1921 ἃ
430 1850 553 1922 anime
573 1847 815 1942 delinquentia
829 1847 1040 1942 inducitur,
1070 1847 1125 1922 io·
1158 1865 1162 1874 ’

58 1949 193 2041 quilina
215 1945 266 2019 est
291 1949 406 2021 carnis
416 1931 651 2022 mortificate
671 1945 837 2040 quidem,
863 1945 1021 2024 sednon
1041 1944 1123 2042 suo,

6 2122 7 2144 ἢ
59 2067 187 2122 verum
201 2045 452 2140 delinquente
465 2049 622 2123 nomine.
659 2045 756 2122 Nam
771 2045 804 2121 dt
818 2047 901 2122 alibi
918 2047 1125 2142 quomodo,

57 2147 196 2240 inquit,
223 2149 330 2222 etiam
345 2167 442 2220 nunc
457 2148 561 2221 velut
583 2149 751 2224 viventes
770 2146 808 2220 in
827 2147 962 2222 mundo
985 2144 1124 2222 senten·
1223 2189 1226 2200 ·

57 2249 147 2322 tiam
168 2246 301 2320 fertiel
334 2267 409 2320 non
435 2247 479 2320 ad
499 2261 666 2322 mortuos
687 2245 868 2340 scribens,
902 2245 965 2320 sed
982 2247 1027 2322 ad
1041 2267 1124 2342 eor,

57 2347 120 2440 qui
138 2345 297 2420 definere
315 2345 490 2420 deberent
507 2347 734 2421 mundialiter
749 2347 889 2420 vivere.
1244 2418 1248 2426 ,

132 2469 194 2540 47.
222 2445 309 2518 Haec
326 2447 420 2520 enim
435 2447 503 2520 erit
516 2447 593 2520 vita
605 2446 811 2538 umentis,
841 2465 945 2537 quam
960 2459 1125 2522 veterem

57 2545 243 2621 hominem
264 2545 353 2618 dicit
375 2542 560 2623 confixum
580 2543 648 2622 elie
668 2541 829 2620 Christo.
856 2565 933 2618 non
954 2535 1127 2639 corpora·

50 2645 221 2738 litatem,
246 2642 305 2717 sed
321 2643 570 2722 moralitatem.
628 2643 799 2720 Ceterum
814 2643 842 2719 li
858 2665 935 2718 non
960 2645 1011 2718 ita
1033 2644 1127 2718 acti·

54 2746 196 2840 pimus,
222 2765 299 2817 non
316 2743 366 2818 est
382 2745 619 2838 corporalitas
635 2743 757 2818 nostra
773 2741 936 2838 confixa,
962 2765 1032 2820 nee
1046 2765 1131 2820 cru«

56 2865 139 2920 cem
155 2841 283 2916 Christi
304 2863 390 2916 earo
407 2843 527 2923 nostra
542 2841 702 2938 perpessa
718 2843 788 2918 est:
822 2843 880 2918 sed
896 2845 1127 2938 quemadmo·

55 2943 145 3020 dum
160 2943 312 3036 adjerit,
336 2945 389 3016 uti
403 2957 601 3018 evacuetur
618 2963 753 3039 corpus
768 2942 1041 3037 delinquentiae,
1059 2961 1126 3039 per

6 3103 9 3120 .
55 3043 350 3118 emendationem
370 3045 486 3138 vite,
517 3063 594 3117 non
618 3064 682 3136 per
703 3041 889 3118 interitum
911 3043 1127 3140 substantie,

53 3143 150 3220 ficut
171 3143 245 3235 ait,
276 3143 330 3216 uti
353 3141 522 3218 hedenus
549 3141 800 3234 delinquentiae
822 3138 1026 3218 serviamus.
1075 3139 1127 3218 Et

53 3253 98 3317 ut
112 3242 337 3318 oneratione
354 3243 573 3316 commortui
587 3243 625 3316 in
642 3237 784 3314 Christo
800 3241 1005 3334 credunt,
1026 3237 1127 3334 quod

54 3343 170 3416 etiam
188 3343 427 3416 convivamus
444 3341 507 3416 illi.
557 3340 617 3415 Sic
631 3342 746 3434 enim,
770 3341 912 3434 inquit,
937 3341 1057 3415 &vos
1070 3361 1127 3418 re·

52 3451 188 3538 putate
206 3453 373 3514 mortuos
390 3439 532 3533 quidem
552 3461 651 3536 vos,⁴
670 3439 846 3514 Cuinaml
872 3439 996 3516 carnii
1020 3439 1126 3536 Non,

53 3539 117 3617 sed
137 3539 402 3632 delinquentiae.
465 3537 562 3636 Ergo
578 3537 666 3614 salvi
685 3554 792 3614 erunt
810 3541 929 3634 carni,
954 3541 1134 3634 viventes,

54 3653 183 3717 autem
202 3638 287 3714 Deo
311 3639 348 3712 in
365 3637 507 3714 Christo
529 3638 610 3734 Jesu
632 3657 698 3732 per
723 3659 865 3714 omnem
888 3641 1032 3733 utique3
1067 3641 1127 3719 cm

53 3738 198 3816 mortui
214 3759 292 3814 non
310 3755 439 3832 erunt,
472 3737 723 3831 delinquentiae
738 3739 894 3834 mortui,
921 3761 997 3814 non
1014 3741 1124 3816 carni.

52 3837 157 3919 Nam
178 3837 214 3914 dt
232 3835 350 3916 adhuc
369 3837 521 3940 ingerit:
544 3857 631 3935 „ne
650 3855 740 3938 ergo
759 3841 967 3940 regnaverit
986 3841 1023 3914 in
1045 3859 1129 3914 cor·

984 3959 1078 4036 pore
