2586 4334
243 155 980 268 »rursusne-cmouscsnais.
1055 204 1141 290 μ’·
1255 289 1260 302 1

79 349 293 442 vincentur,
312 363 553 445 congruenter
565 345 708 432 scilicet
759 345 808 422 Et
818 349 890 424 hoc
901 348 1013 424 fenne
1025 349 1138 426 modo

76 447 427 543 dicimus'ineundam
437 469 520 520 curn
531 447 703 522 haer'cticis
715 435 1017 540 disceptationem.
1042 447 1138 525 Nam

77 544 112 624 ἀ
136 549 232 622 ordo
256 545 432 642 sempera
455 548 707 642 principalibus
731 547 857 620 deduci
880 547 1069 642 exposcit,
1095 563 1138 632 ut

75 647 123 722 de
144 645 222 742 ipso
243 649 339 740 prius
361 645 524 738 constet,
550 669 657 740 aquo
680 647 817 720 dicatur
834 645 1036 742 dispositum
1051 647 1135 744 esse,

63 745 180 838 ,quod
193 747 372 837 queritur.
422 743 546 838 Atque
561 749 652 820 adeo
669 747 702 820 dr
718 747 875 822 haeretici
891 767 936 820 ex
954 747 1135 822 conscien-
1220 819 1222 831 ,

74 847 128 920 tia
145 843 387 940 infirmitatis,
423 867 601 952 nunquam
625 846 805 918 ordinarie
822 845 983 922 trattant.
1035 847 1135 920 Certi

73 947 196 1036 enim,
224 966 327 1038 quarn
347 945 535 1036 laborent,
561 945 599 1018 in
617 947 760 1018 alterius
778 945 971 1018 divinitatis
988 947 1135 1022 infinua·

73 1046 203 1136 tione,
218 1041 383 1118 adversus
398 1045 515 1118 Deum
530 1043 651 1118 mundi
667 1046 832 1118 omnibus
847 1046 1055 1119 naturaliter
1069 1065 1134 1120 no-

3 1225 4 1228 ,
72 1157 155 1218 urm
181 1143 225 1216 de
245 1143 452 1217 testimoniis
475 1165 650 1238 operum,
682 1157 781 1218 certe
804 1145 837 1216 a
857 1147 891 1216 in
912 1143 1133 1220 sacramentis
1242 1141 1245 1150 “

70 1243 258 1340 priorem,
292 1243 384 1316 &in
404 1243 713 1337 predicationibus
740 1243 1038 1338 manifestiorem,
1072 1243 1132 1320 sub
1180 1243 1188 1260 '

74 1346 236 1419 obtentu
251 1339 342 1433 quasr
357 1343 568 1437 urgentioris
585 1341 726 1436 caussae,
744 1343 780 1416 id
795 1343 845 1418 est
857 1343 959 1436 ipsius
975 1345 1133 1418 humanae
1232 1402 1242 1431 Α.

72 1439 196 1516 salutis
219 1437 302 1513 arrte
323 1444 442 1514 omnia
457 1441 697 1534 requirenda,
725 1465 744 1514 a
759 1442 1008 1535 quaestionibus
1023 1443 1134 1516 restu'-

70 1539 247 1616 rectionis
267 1541 448 1634 incipiunt.
499 1543 594 1642 Quia
613 1541 731 1614 durius
750 1543 910 1627 ‚creditur
924 1541 1132 1615 resurrestio

72 1640 215 1738 carnis,
243 1659 346 1732 quam
362 1660 433 1714 una
448 1639 635 1714 divinitas:
660 1653 767 1733 atque
781 1643 831 1714 ita
848 1639 1054 1736 tractatum,
1081 1637 1136 1714 vil

58 1741 174 1826 ,ribus
194 1739 329 1811 ordinis
351 1735 401 1812 sui
419 1737 646 1831 destitutum,
672 1737 890 1836 &scrupulis
908 1742 1030 1834 potius
1047 1763 1135 1815 onc-

70 1855 216 1930 ratum,
250 1837 535 1931 depreciantibus
558 1859 701 1914 carnem
723 1841 890 1933 paulatim
915 1841 1058 1913 alterius
1085 1833 1134 1914 di·

60 1939 238 2029 ,trinitatis
257 1949 457 2032 temperant
479 1935 633 2029 sensum,
661 1961 705 2012 ex
728 1933 800 2032 ipsa
818 1937 888 2032 spei
904 1941 1134 2016 concussione

71 2037 109 2112 a
124 2036 381 2112 demutatione.
431 2035 600 2130 Dejcstus
618 2037 711 2113 enim
726 2041 968 2132 unusquisque
983 2041 1042 2113 vel
1057 2059 1133 2114 mo·
1188 2116 1190 2124 ,

57 2153 133 2226 ,ωε
153 2138 198 2212 de
213 2135 323 2236 gradu
341 2137 416 2232 ejus
432 2136 503 2229 spei
518 2157 621 2229 quam
641 2135 859 2232 susceperat,
886 2139 979 2232 apud
995 2159 1134 2230 creato-

3 2259 5 2284 r
68 2257 175 2330 rem,
202 2234 305 2310 facile
318 2236 388 2326 iam
412 2236 608 2308 declinatur
628 2237 670 2308 ad
689 2238 831 2310 alterius
848 2236 920 2332 spei
937 2233 1133 2332 auderem,

71 2336 184 2410 etiam
195 2337 294 2408 ultro
308 2333 559 2429 suspicandum.
614 2333 679 2408 Per
693 2335 932 2412 diversitatem
945 2337 1037 2410 enim
1052 2358 1134 2429 pro·

3 2449 5 2544 ᾗ
69 2433 300 2529 missionum,
334 2430 516 2508 diversrtas
531 2429 723 2508 insinuatur
742 2433 914 2512 Deorum.
968 2433 1026 2511 Sic
1049 2437 1135 2512 mul·

69 2547 135 2608 tos
152 2535 319 2608 inretitos
335 2534 521 2628 ridemus,
541 2534 624 2606 dum
638 2549 720 2610 ante
734 2533 778 2608 de
790 2531 1047 2610 resurresiione
1061 2553 1136 2608 car·

70 2635 130 2708 nis
157 2633 364 2726 eliduntur,
399 2653 502 2724 quarn
529 2631 574 2705 de
598 2627 734 2710 unione
760 2625 957 2708 divinitatis
986 2635 1133 2714 elidunt.

68 2731 187 2830 Igitur
210 2747 379 2825 quantum
403 2733 447 2806 ad
471 2733 685 2826 hereticos,
718 2733 1036 2808 demonstravimus
1060 2757 1134 2826 quo

72 2853 195 2906 cuneo
211 2833 470 2906 decurrendum
481 2831 524 2906 srt
538 2853 557 2904 a
570 2833 693 2912 nobis:
716 2831 949 2907 &occursum
964 2831 1014 2906 est
1030 2837 1135 2908 etiam

71 2931 138 3008 suo
159 2953 304 3035 quoque
323 2931 454 3024 titulo,
488 2932 533 3004 de
550 2931 635 3004 Deo
658 2933 799 3024 quidem
817 2933 926 3006 unico
945 2935 978 3004 a
994 2932 1135 3007 Christo

72 3033 151 3125 ejus
182 3029 347 3104 aduersus
375 3031 623 3108 Marcionem:
660 3029 705 3104 de
732 3051 838 3106 carne
865 3053 957 3105 vero
986 3031 1135 3124 domiui,

72 3131 183 3205 etiarn
211 3129 378 3204 adversus
406 3145 560 3224 quatuor
585 3127 761 3221 hareses,
799 3129 842 3203 ad
867 3133 959 3206 hanc
982 3131 1136 3204 maxime
1160 3141 1164 3150 “

73 3228 305 3324 quaestionem
330 3229 629 3324 praestruendam,
665 3230 716 3304 uti
738 3249 833 3303 nunc
856 3231 899 3304 de
924 3227 998 3304 sola
1022 3226 1136 3303 camis

71 3327 335 3406 resurreetione
353 3331 403 3404 ita
419 3329 593 3428 digeram,
621 3331 916 3424 tanquam‘penes
936 3349 1004 3404 nos
1024 3331 1136 3402 incer-

71 3441 173 3522 tum,
193 3433 276 3505 dum
293 3429 335 3503 srt
352 3449 497 3521 quoque
511 3433 775 3523 certum‘pencs
795 3445 1006 3503 creatorem.
1045 3427 1138 3502 Nam
1173 3449 1183 3462 ’
1222 3442 1224 3450 ’

75 3529 111 3603 dc
127 3529 232 3604 multi
248 3529 375 3620 rudes,
401 3529 435 3604 dc
453 3529 613 3626 plerique
628 3521 686 3602 sua
703 3523 773 3602 srde
791 3526 885 3603 dubii
902 3525 1135 3622 &simplicem

73 3629 196 3724 plures
224 3649 315 3720 quos
342 3627 488 3722 instrui,
516 3627 640 3724 dirigi,
666 3631 793 3704 muniri
815 3625 1022 3723 oportebit:
1056 3629 1138 3720 quia

75 3729 109 3800 a
130 3729 204 3802 lioc
224 3727 335 3800 latere
354 3729 443 3802 unio
465 3727 661 3800 diuinitatis
683 3725 909 3835 defendetur:
936 3727 1024 3802 srcut
1044 3725 1138 3802 enim

74 3844 204 3925 negata
219 3829 332 3905 carnis
348 3823 607 3903 resurretlione
624 3827 852 3924 concutitur,
878 3825 928 3903 ita
941 3825 1137 3920 vindicata,
1159 3867 1162 3874 =

128 3923 268 4040 linus.
291 3921 379 4008 lim.
399 3929 446 4004 ll.
589 3957 595 3972 ·
669 3923 734 4004 nt
892 4001 895 4005 ,
1004 3929 1114 4000 con·¹
