2540 4334
177 191 227 270 po
307 167 1093 280 Q.Strr.‚Fton,Tturuttraur
1183 180 1188 191 ·

175 330 331 430 speciem
358 327 513 410 salutaris
544 333 733 428 disciplina
757 335 962 432 gubernet,
1001 331 1089 424 quid
1114 329 1249 419 mirum

175 431 274 525 quod
294 435 399 510 etiam
418 437 636 534 poenitentiae
651 435 843 528 ministrat,
870 431 981 508 solitae
996 433 1096 526 lupsrs
1115 432 1248 507 subve-

174 534 272 624 nire,
292 555 372 608 cum
388 535 562 626 disjuncto
579 536 831 628 matrimonio,
857 557 902 608 ex
920 556 962 606 ea
976 549 1096 607 tamen
1112 533 1247 630 cauffa,

132 679 133 688 .
176 653 245 724 qua
267 633 354 706 licet
369 631 427 706 seu
449 639 553 732 viro,
580 631 640 712 seu
657 633 857 716 seminaead
872 631 1056 708 viduitatis
1076 629 1248 726 persevee

173 733 325 806 tantiam
340 731 523 827 sustineri,
550 739 625 812 haec
643 733 843 830 exspeitat,
869 735 946 808 haec
962 747 1138 826 exoptat,
1167 733 1249 815 haec

175 835 305 916 'exorat
334 837 579 933 poenitentiam
618 837 836 932 quandoque
865 833 1034 925 inituris,
1082 831 1245 915 salutem.

175 933 362 1032 Quantum
381 937 469 1008 boni
487 939 628 1030 utrique
649 937 812 1029 confert,
841 937 991 1010 aiterum
1010 953 1086 1006 non
1107 932 1246 1008 aduite-

172 1049 253 1104 rum
277 1031 388 1126 facit,
415 1037 565 1114 alterum
589 1037 766 1112 emendat.
817 1035 875 1110 Sic
899 1031 933 1109 dt
953 1032 1022 1110 illis
1047 1033 1247 1110 dominica·

87 1129 91 1156 '
172 1149 251 1206 rum
269 1131 531 1234 fimiiitudinum
547 1139 719 1232 exemplis
741 1137 785 1210 de
804 1134 978 1230 patientia
995 1130 1117 1206 santiis
1135 1131 1244 1212 adest.

47 1307 50 1317 ,
171 1225 373 1310 Erroneam
391 1255 500 1326 ovem
518 1237 689 1332 patientia
701 1237 849 1332 pastoris
867 1233 1067 1326 requirit&
1085 1234 1243 1312 invenit

172 1327 270 1404 Nam
293 1336 514 1428 impatientia
536 1359 643 1414 unam
662 1337 766 1412 facile
783 1347 1056 1410 comtemneret.
1107 1333 1185 1408 Sed
1198 1337 1243 1408 la

171 1429 301 1506 borem
325 1436 559 1526 inquisitionis
579 1439 751 1532 patientia
770 1434 931 1529 suscipit,
959 1432 993 1506 u
1014 1433 1175 1507 humeris
1196 1437 1244 1510 in·

171 1525 442 1624 superadvehit
458 1539 597 1630 bajulus
618 1541 755 1638 patiens
770 1537 1009 1630 peccatricem
1024 1531 1242 1614 deretittan.

170 1625 275 1710 Illum
301 1655 446 1728 quoque
467 1641 659 1737 prodigum
679 1636 790 1714 filium
812 1636 983 1730 patientia
1001 1635 1111 1726 patris
1133 1635 1172 1708 dt
1192 1657 1244 1708 re·

172 1731 281 1826 cipit,
309 1735 342 1808 ἃ
363 1736 489 1834 vestit,
517 1739 696 1834 &pascit,
725 1738 868 1834 &apud
884 1733 1143 1828 impatientiam
1160 1735 1242 1815 irati

170 1830 290 1906 fratris
311 1837 465 1914 excusat.
516 1840 644 1914 Salvus
669 1837 721 1916 est
741 1839 848 1932 igitur
867 1837 926 1932 qui
949 1833 1133 1928 perierat,
1162 1837 1245 1930 quit

168 1933 416 2026 poenitentiam
439 1939 560 2014 iniit*
589 1937 803 2014 Paenitentia
822 1958 900 2009 uon
923 1935 1044 2029 perit,
1079 1937 1164 2025 quia
1187 1957 1245 2029 pu

169 2033 333 2108 tientiam
353 2036 505 2114 inuenit.
554 2037 651 2114 Nam
670 2036 813 2113 dileiiio
833 2035 1003 2110 summum
1023 2033 1109 2108 fidei
1133 2035 1245 2111 sacra·

169 2145 353 2226 mentum,
389 2135 575 2212 Christiani
597 2137 752 2214 nominis
778 2133 986 2228 thesaurus,
1014 2155 1120 2224 quarn
1138 2133 1246 2232 Apu·

169 2229 282 2306 stolus
305 2237 395 2310 totis
413 2239 549 2314 viribus
571 2237 674 2314 santii
694 2237 833 2338 spiritus
856 2233 1108 2330 commendat,
1138 2237 1244 2329 cujus

169 2327 232 2421 pin
255 2337 436 2428 patientiae
460 2338 648 2434 disciplinis
677 2333 869 2414 cruditur?
911 2333 1074 2421 Diieiiio,
1107 2335 1243 2444 inquit,

169 2443 381 2526 magnanimis
408 2437 457 2534 asi.
517 2439 571 2512 ita
595 2439 803 2536 patientiam
831 2433 946 2512 sumit.
1009 2437 1156 2526 Benefica
1184 2435 1245 2536 efl:

168 2533 300 2608 malum
325 2532 498 2630 patientia
519 2560 596 2614 non
615 2539 724 2630 sacit3
749 2538 1017 2640 mufmuiarur:
1041 2535 1079 2608 id
1096 2537 1245 2628 quidem

168 2635 352 2726 patientiae
371 2641 556 2732 proprium
575 2639 635 2717 est.
696 2643 766 2716 Nec
784 2652 970 2735 protervum
989 2633 1090 2732 sapit,
1117 2639 1245 2712 mode

168 2727 269 2808 stiam
287 2735 331 2810 de
352 2739 525 2832 patientia
545 2739 673 2814 traxitr'
699 2762 763 2810 non
779 2735 941 2840 inflatur,
965 2757 1042 2810 non
1065 2739 1245 2834 proterit,

168 2853 248 2906 non
272 2837 367 2912 enim
394 2839 436 2914 ad
455 2841 663 2932 patientiam
684 2837 855 2932 pertinet.
914 2841 986 2914 Nec
999 2835 1062 2935 sua
1085 2861 1122 2908 re
1148 2843 1245 2924 uirit,

168 2929 194 3006 fi
211 2933 323 3010 offert
339 2938 416 3032 sua,
445 2941 527 3014 dum
539 2941 649 3038 ,alteri
670 2939 802 3034 prosit,
829 2961 885 3012 ute
903 2941 1071 3020 imitatur.
1162 2953 1244 3012 aete·

167 3054 249 3110 rum
269 3039 354 3130 quid
377 3039 607 3134 impatientiae
629 3035 851 3132 reliquisset?
887 3039 956 3112 Iseo
970 3033 991 3131 ,ᾗ
1015 3037 1162 3132 inquit,
1201 3039 1244 3112 ti·

147 3161 150 3170 ·
168 3135 262 3206 suisio
276 3145 382 3210 amnia
393 3138 547 3239 sustinet,
568 3140 823 3223 amatorium,
849 3139 974 3230 utique
987 3139 1069 3232 quia
1085 3137 1242 3232 patiens.

168 3235 311 3315 Merito
331 3259 418 3335 ergo
441 3261 621 3334 nunquam
642 3240 808 3322 excidett
833 3261 914 3310 nam
939 3252 1068 3312 caetera
1085 3257 1245 3338 evacua·v

168 3339 332 3432 buntur,
366 3339 718 3416 consummabuntur.
785 3337 1054 3412 Exhauriuntur
1082 3335 1246 3432 linguae„

169 3430 350 3529 scientia,
383 3443 606 3534 prophetiae:
641 3455 829 3534 permanent
843 3439 951 3530 fides,
980 3437 1073 3532 spes,
1100 3435 1243 3524 direnti,

162 3531 274 3610 ‘Fides
298 3559 403 3628 quam
420 3537 546 3614 christi
569 3539 742 3634 patientia
760 3537 912 3614 induxit.
971 3535 1093 3630 Spes,
1135 3557 1245 3632 quant

161 3606 324 3710 inominis
350 3637 738 3734 patientiaexspesiat.
800 3633 979 3738 oneum,
1019 3656 1131 3734 quam
1152 3637 1246 3717 Deo

166 3733 336 3836 magistro
356 3739 532 3840 patientia
549 3741 755 3823 comitatur.

1028 3955 1086 4038 ¹3·
1113 3909 1228 4016 Usss'
1257 3907 1258 3910 Ὺ

1254 4169 1259 4297 i
