2602 4336
408 183 784 280 oe.'Au1iaA.
976 255 980 271 Α
1059 225 1128 300 347

60 363 120 439 eit
175 361 341 464 Quantas
358 363 489 438 animas
511 363 619 458 pasco
642 366 710 453 (ait
727 361 851 464 dives)
868 385 946 440 non
970 363 1129 442 animosi

57 461 107 536 Et
126 463 260 536 animas
279 461 391 538 salves
408 477 513 558 optat
532 466 774 560 gubernator,
799 486 876 539 non
892 468 1048 540 animos:
1079 467 1131 540 Et
1208 462 1211 474 “

59 561 212 638 rusticus
238 563 276 636 iii
300 583 441 656 opere,
475 563 569 638 &in
591 566 716 658 praelio
741 565 869 658 miles,
904 569 1055 640 animani
1078 566 1154 662 se,'

59 685 138 738 non
163 663 319 737 animum
346 683 485 756 ponere
510 661 683 739 adfirmat.
749 663 859 757 Cujus
886 668 1131 746 nominatiora

59 763 223 858 pericula
235 773 296 834 aut
312 775 405 836 vota
421 761 521 855 sunt,
540 765 644 836 animi
658 787 702 838 an
717 763 866 838 auimael
892 767 990 865 Quid
1009 781 1130 844 autem
1173 771 1179 789 ‘

61 881 167 962 agere
186 861 355 936 dicuntur
373 865 599 956 moribundi,
624 866 778 940 animum
796 885 840 936 an
857 865 1035 940 animam?
1061 867 1129 961 lpsi
1168 927 1173 936 ,

61 961 247 1062 postremo
258 960 466 1056 Philosophi
478 964 611 1057 ipsique
625 963 761 1038 Medici
774 966 934 1056 quamvis
949 965 994 1038 de
1006 967 1125 1042 animo

60 1083 209 1158 quoque
233 1059 476 1156 disputarent,
509 1061 637 1138 faciem
660 1079 780 1138 tamen
807 1065 928 1157 operia
952 1059 1129 1140 frontem·

61 1183 134 1256 que
154 1161 312 1236 materiae
338 1163 384 1236 de
407 1165 523 1239 anima
541 1166 786 1256 unusquisque
808 1162 1023 1258 proscripsit.
1074 1165 1129 1240 Ut

61 1261 368 1338 autemuaueo
383 1260 514 1356 discas,
540 1265 692 1340 animam
704 1263 805 1338 Deus
817 1262 954 1359 semper
969 1264 1129 1360 adloqui·

62 1375 145 1454 aar,
172 1362 323 1438 animam
348 1365 671 1457 compelleretque
696 1364 883 1458 advocat,
908 1377 951 1437 ut
974 1365 1129 1442 animum
1208 1400 1211 1413 =

60 1461 126 1538 fibi
150 1461 328 1538 advertat.
393 1463 493 1538 illam
519 1462 651 1538 salvam
678 1466 779 1538 venit
805 1463 924 1540 facere
954 1463 1128 1560 Christus,

60 1563 159 1638 illam
176 1561 327 1659 perdere
346 1564 384 1638 iii
404 1564 603 1660 gehennam
620 1565 879 1656 comminatur,
906 1565 1001 1640 iilam
1016 1567 1128 1660 pluria
1148 1621 1151 1638 ,

60 1661 142 1736 lieri
164 1675 289 1757 vetat,
315 1664 411 1738 illam
429 1662 463 1736 di
484 1660 556 1755 ipse
573 1666 692 1738 bouus
707 1663 826 1756 pastor
840 1685 908 1758 pro
930 1667 1128 1759 pecudibus

60 1761 132 1836 suis
150 1761 281 1856 ponit·
318 1763 440 1840 Habes
460 1765 583 1838 animae
605 1765 926 1858 principalitatem,
957 1765 1066 1840 habes
1090 1767 1128 1840 in

61 1861 178 1936 illa&
201 1859 399 1938 substantie
424 1864 619 1956 unionem,
659 1866 759 1956 cujus
786 1863 981 1961 intelligam
1004 1864 1129 1940 instru-

61 1976 224 2039 mentum
243 1961 312 2036 cise
330 1965 507 2057 animum,
534 1985 612 2038 non
627 1965 878 2058 patrocinium.

141 2081 197 2152 14.
224 2061 414 2160 Singularis
433 2065 591 2155 alioquin
608 2063 643 2136 di
659 2065 824 2158 simplex,
852 2064 887 2136 da
905 2063 949 2138 de
966 2061 1029 2136 suo
1047 2077 1129 2138 tota

60 2161 209 2236 estnon
231 2163 341 2258 magis
365 2161 565 2237 instrudlilis
591 2164 733 2240 aliiuide
751 2185 856 2256 quam
881 2165 1061 2238 divisibilis
1082 2185 1130 2240 eir

60 2259 121 2354 se,
148 2263 231 2354 quia
245 2283 315 2336 nec
330 2261 547 2341 dissolubilia.
600 2261 637 2336 Si
654 2263 747 2338 enim
763 2263 947 2356 strictius,
974 2263 1129 2340 &diiso

59 2363 207 2455 lubiiis,
237 2363 309 2456 jam
332 2383 409 2436 nori
431 2363 653 2438 immortalis.
705 2363 831 2454 ltaque
858 2363 1028 2458 quiajam
1050 2386 1129 2440 non

60 2463 247 2557 mortalis,
271 2483 390 2555 neque
413 2461 620 2536 dissolubilis
642 2485 765 2556 neque
780 2463 973 2540 divisibilis.
1032 2463 1130 2540 Nam

59 2561 225 2638 &dividi
244 2561 388 2636 dissolvi
405 2561 476 2655 est,
505 2561 697 2640 &disolvi
715 2564 808 2636 mori
829 2561 890 2638 est.
920 2587 923 2599 ·
941 2563 1148 2638 Dividitur

60 2677 183 2737 autern
203 2661 241 2736 in
259 2677 402 2758 partes,
434 2683 532 2737 nunc
551 2665 590 2738 in
613 2663 699 2736 duas
721 2685 741 2736 a
759 2663 939 2757 Platone,
971 2686 1069 2738 nunc
1090 2667 1130 2742 in

61 2775 138 2838 tres
154 2762 361 2856 aZenone,
387 2783 486 2840 nunc
499 2764 539 2838 in
552 2763 710 2858 quinque
731 2763 765 2837 dt
785 2765 823 2837 in
845 2762 905 2837 sex
920 2787 940 2838 a
953 2763 1128 2862 Panetio,

62 2863 152 2938 &in
164 2859 298 2958 septem
317 2863 523 2956 aSorauo,
550 2863 658 2938 etiam
678 2867 715 2938 in
734 2861 820 2938 osto
836 2885 946 2956 penes
963 2864 1129 2958 Chrysip·

59 2985 170 3060 pum,
196 2965 303 3040 etiam
327 2965 365 3036 in
386 2983 525 3038 novem
541 2985 652 3061 penes
672 2963 987 3058 Apollophanem,
1010 2963 1071 3045 sed
1094 2965 1130 3040 δι

57 3061 99 3142 iu
115 3063 242 3140 decem
256 3064 351 3158 apud
369 3064 543 3158 quosdam
563 3063 799 3158 Stoicorum,
833 3062 867 3138 δι
888 3066 925 3137 in
952 3065 1037 3138 duas
1058 3085 1129 3138 aui·

60 3167 156 3258 plius
176 3163 269 3258 apud
287 3163 537 3257 Posidonium,
564 3166 624 3258 qui
639 3185 660 3238 a
675 3163 817 3238 duobus
834 3163 981 3238 exorsus
998 3165 1127 3258 titulis,

60 3263 252 3360 principali
268 3263 367 3356 quod
383 3265 485 3358 ajunt
497 3261 709 3361 spineum,
735 3265 1003 3356 decretionis,
1030 3263 1129 3358 quod
1162 3299 1167 3307 ·

60 3369 165 3458 ajunt
183 3375 335 3459 nuptm,
359 3367 398 3438 iii
420 3363 610 3440 duodecim
632 3365 763 3442 exinde
783 3363 988 3459 prosecuit:
1020 3365 1070 3438 ita
1091 3365 1129 3440 in

60 3469 148 3542 alias
170 3485 215 3538 eir
242 3463 318 3538 aliis
340 3463 476 3557 species
501 3465 668 3538 dividunt
691 3467 851 3540 animam.
911 3463 1128 3556 Hujusmodi

60 3583 185 3642 autem
203 3585 282 3638 non
302 3578 375 3638 tam
395 3579 515 3659 partes
534 3568 658 3638 anime
677 3565 926 3655 habebuntur,
953 3587 1056 3657 quain
1075 3567 1130 3638 vi·

58 3687 119 3742 res
140 3665 176 3737 dt
194 3663 359 3738 efficaciae
375 3663 410 3736 u
427 3683 567 3757 operae,
592 3663 683 3738 sicut
706 3667 751 3740 de
773 3665 981 3756 quibusdam
1000 3665 1035 3738 da
1052 3665 1129 3738 Ari·

59 3765 214 3842 stotelet
234 3763 422 3856 iudicavit.
472 3761 563 3836 Non
587 3765 679 3837 enim
702 3768 861 3840 membra
879 3765 959 3840 sunt
977 3765 1133 3838 substan·

59 3868 122 3944 ciae
146 3863 335 3962 animalis,
367 3863 428 3942 sed
453 3863 618 3976 iugenio:
655 3881 698 3940 ut
715 3866 940 3962 motorium,
974 3881 1017 3980 ut
1036 3863 1131 3939 usio-
1164 3891 1166 3894 ·

370 4017 373 4028 ·
975 3986 1081 4062 rium,

1201 4181 1268 4198 .-
