2540 4334
224 195 291 268 108
367 187 414 286 Q.
439 182 574 260 Scir.
599 182 741 258 riori.
765 183 1122 265 Taiiruitiiiiir
1239 173 1240 180 ‘

220 348 379 422 oninium
405 343 592 419 affesluiinr
615 344 773 437 stibna,
805 345 962 420 &facile
981 347 1105 418 norint
1125 357 1235 422 cotti!

219 447 416 522 &consilio
434 445 468 520 dc
485 444 613 518 solatio
629 447 779 538 juvare,
806 445 892 518 &iit
907 445 1135 518 nibilominus
1149 467 1182 518 ei
1197 445 1234 518 dt

220 547 464 638 cucurrerint,
489 565 554 638 per
571 566 648 636 qnae
669 545 809 618 ioemina
833 545 976 637 probari
992 543 1121 637 poten
1159 543 1235 618 Alei

126 673 128 687 ·
217 647 305 722 nihil
316 647 447 740 virgini
464 645 506 717 ad
522 641 698 718 bonorem
716 645 760 717 de
779 648 865 718 loco
885 641 1084 738 permissum
1100 643 1157 718 est

298 767 354 820 10.
378 745 437 818 Sic
450 767 519 816 nec
535 745 579 818 de
595 746 768 836 aliquibus
783 745 985 838 insignibus.
1038 741 1235 816 Caeterumii

218 848 265 920 tis
286 845 536 936 inhnmanum,
570 841 764 916 sisoeminae
785 845 926 936 quidem
950 864 1023 940 per·
1041 845 1156 916 omnia
1178 843 1240 926 viris

217 945 389 1037 subdite,
424 945 675 1038 honorigeram
698 957 822 1017 notam
840 943 1052 1037 virginitatis
1071 941 1135 1015 suae
1148 941 1234 1036 prese

217 1059 321 1136 rant,
355 1065 424 1136 qna
437 1041 665 1125 suspiciantur
679 1043 714 1116 dc
729 1041 1055 1136 circumspiciantur
1070 1044 1104 1114 lic
1118 1037 1233 1137 magnii

197 1157 345 1218 'centur
360 1165 380 1215 a
394 1143 579 1215 fratribus:
604 1143 671 1214 viri
686 1157 824 1235 antem,
850 1155 911 1216 tot
925 1143 1104 1238 virgines,
1128 1139 1234 1232 totspi

217 1244 332 1316 dones
348 1243 566 1336 voluntarii,
593 1263 691 1314 caeco
708 1245 809 1315 bono
826 1241 888 1314 suo
902 1241 1092 1332 incedant,
1115 1241 1190 1314 niliil
1200 1263 1233 1335 gi

215 1343 378 1436 stantes,
411 1341 508 1432 quod
533 1341 566 1414 dc
584 1340 679 1436 ipsos
697 1343 834 1416 faceret
852 1341 1014 1416 illustres.
1077 1341 1233 1414 Debebui

119 1502 123 1524 .
218 1441 665 1534 etiam&ipsiiiliqiiasibi
684 1442 829 1538 insignia
852 1440 1070 1538 defendere,
1108 1455 1232 1534 autpci

207 1557 280 1615 'nas
305 1541 583 1634 Garamantum,
618 1554 680 1614 aut
704 1539 890 1614 scrobulos
918 1539 1173 1634 barbarorum,
1198 1549 1233 1612 itt

218 1640 364 1714 Cicadas
385 1639 672 1732 Athenienssum,
699 1658 761 1714 aut
775 1639 1240 1730 CirrosGermariorum,tiiii

216 1741 376 1838 stigmata
390 1741 594 1816 Britoniim:
621 1755 681 1814 aut
699 1761 743 1816 ex
759 1737 901 1814 diverso
921 1735 1004 1832 fiat,
1031 1743 1147 1834 capite
1160 1727 1240 1832 veliis

214 1843 254 1918 in
271 1840 416 1914 ecclesia
431 1843 575 1916 lateant.
613 1841 711 1914 Certi
729 1841 843 1914 sumus
861 1839 1019 1932 spiritum
1035 1839 1179 1914 saridim
1192 1837 1240 1912 rit*

215 1942 268 2037 gis
286 1941 446 2014 masculis
463 1941 535 2013 tale
551 1941 681 2033 aliquid
697 1939 912 2014 subscribere
929 1938 1105 2034 potuisse,
1130 1935 1234 2014 sileri

216 2040 272 2112 riis
306 2035 572 2131 subscripsisset:
616 2059 696 2112 curii
727 2054 857 2131 praeter
889 2037 992 2112 sexus
1026 2040 1233 2124 autoritates,

217 2138 324 2212 etiam
340 2137 443 2230 ipsios
464 2139 696 2212 continentiae
714 2139 860 2214 nomine
877 2139 1051 2214 masculos
1072 2141 1184 2233 potius
1196 2137 1240 2220 iii

216 2237 339 2312 notari
356 2237 580 2332 oportuisset.
618 2242 784 2338 Quorum
803 2253 937 2332 quanto
955 2242 1058 2316 sexus
1073 2229 1240 2344 aridiorlip

129 2345 132 2353 '
218 2335 368 2410 calidior
391 2339 426 2410 iri
452 2339 620 2432 seminas,
648 2353 752 2413 tanto
771 2341 994 2414 continentia
1010 2340 1154 2431 majoris
1168 2333 1240 2410 arim

161 2443 162 2455 ’
216 2438 288 2530 ris,
312 2437 529 2531 laboratior,
555 2441 711 2532 ideoque
734 2440 874 2534 dignior
891 2441 988 2513 omni
1013 2438 1233 2512 ostentationi:

216 2535 240 2612 fi
257 2535 450 2610 ostentatio
468 2540 678 2636 virginitatis
696 2539 749 2613 est
762 2539 922 2631 dignitas.
974 2537 1010 2612 N
1014 2559 1065 2612 on
1080 2539 1168 2612 enim
1182 2551 1240 2605 coi*¹

216 2637 368 2708 tinentia
382 2639 596 2732 virginitatis
612 2637 772 2731 antistat,
797 2639 874 2712 sive
889 2637 1099 2730 viduarum,
1125 2638 1190 2710 five
1202 2627 1240 2722 ti¹

216 2755 262 2808 eir
287 2734 458 2810 consensu
479 2741 732 2814 contumeliam
753 2759 977 2812 communem
998 2739 1070 2831 jain
1094 2732 1240 2814 renisuri

215 2848 311 2910 runt.
343 2863 346 2874 ¹
375 2837 470 2912 Nam
494 2840 678 2935 virginitas
709 2841 821 2936 gratia
851 2835 1015 2920 constat:
1052 2829 1235 2911 continenti

214 2953 310 3022 vero
331 2935 476 3013 virtute.
528 2939 617 3013 Nori
632 2937 926 3032 concupiscendi,
951 2931 1202 3029 cuicoiicupir
1239 2939 1240 2972 ³

216 3033 266 3108 do
282 3033 501 3132 inoleveris,
514 3039 645 3136 grande
661 3053 841 3114 certamen
855 3035 920 3110 est:
943 3039 1043 3131 cujus
1054 3051 1173 3114 autem
1184 3047 1235 3102 cot

215 3131 419 3224 cupiscendi
444 3141 668 3236 ignoraveris
691 3137 872 3230 fructum,
911 3135 1017 3210 facile
1040 3157 1117 3210 non
1144 3145 1236 3208 cono

215 3231 356 3330 pisces;
393 3237 630 3312 adversarium
653 3259 728 3312 non
755 3239 916 3330 babens,
951 3231 1236 3328 concupiscentiis

214 3329 362 3412 liunus.
414 3339 615 3437 Quomodo
633 3357 720 3432 ergo
735 3358 811 3410 non
830 3337 939 3431 magis
958 3337 1046 3408 viris
1062 3323 1237 3436 aliquidtili

214 3427 317 3506 Deus
336 3439 372 3510 iii
389 3437 568 3510 honorem
584 3435 849 3528 subscripsisset,
875 3439 937 3512 vel
949 3431 1236 3526 quia-familiariori,

194 3523 350 3608 scilicet
371 3538 514 3632 imagini
537 3535 624 3630 siiae,
651 3537 712 3608 vel
734 3535 814 3628 quia
835 3537 914 3627 plus
935 3531 1141 3611 laborantis
1163 3529 1237 3604 siai

70 3619 79 3631 '
152 3646 174 3699 .'
214 3635 289 3705 iem
306 3633 391 3708 nibil
406 3635 589 3729 masculo,
612 3639 729 3712 multo
745 3635 854 3732 magis
870 3634 1018 3712 semime.
1121 3635 1124 3650 '

116 3820 120 3831 .
213 3771 217 3790 ·
296 3751 350 3808 11·
379 3733 448 3808 Sed
470 3737 569 3828 quod
584 3737 685 3832 supra
704 3735 971 3828 intermisimus,
991 3756 1036 3808 eii
1049 3715 1237 3828 parientia

214 3845 308 3914 cute
327 3831 597 3942 disputationis,
629 3857 677 3919 ne
702 3836 955 3949 concientiam
972 3835 1049 3936 ejus
1068 3831 1236 4016 dispffim

358 3996 361 4004 ι
408 3994 411 4000 ·
441 3971 444 3984 ¹
458 4021 463 4026 Ι
1199 3973 1209 4029 ¹
