2586 4334
169 145 249 260 ns
317 175 365 276 Q.
390 109 518 251 seer.
541 167 688 262 Fron.
713 127 1077 253 Tnnrdrtrnur
1105 187 1109 200 ·

169 339 305 414 ficator
321 329 546 428 perspicacin
560 331 627 406 suae
645 353 721 408 non
739 331 799 410 est.
859 334 957 432 Quid
976 335 1075 430 quod
1093 333 1230 410 volun·
1289 311 1291 334 f

127 475 135 487 ·
169 447 226 510 tas
239 431 320 508 fasti
335 431 439 530 origo
458 424 537 508 ests
559 433 730 508 'viderint
747 433 862 527 e'nim,
887 433 998 528 nque
1018 433 1136 528 casui,
1162 451 1229 509 aut

168 529 393 626 neceffitati,
426 548 490 607 eut
509 534 719 629 ignorantie
740 533 977 626 imputantur:
1015 535 1142 627 quibus
1164 535 1230 608 exss

28 675 30 682 ι
170 631 367 727 'ceptisjen
382 653 459 708 non
471 631 531 728 nisi
549 633 740 706 voluntate
753 628 979 726 delinquitur.
1030 633 1120 710 Cum
1136 653 1228 731 ergo

168 731 253 814 faur
268 732 373 828 origo
385 729 457 825 est,
473 749 551 806 non
565 745 668 808 tento
685 734 810 830 potior
821 732 865 807 ad
875 754 1014 826 poenam
1027 731 1098 826 est3
1116 745 1228 826 quan·

169 837 214 908 to
232 831 433 926 principalis
456 831 499 905 ed
520 833 677 924 culpam:
705 853 782 924 quae
802 853 848 906 ne
869 845 957 906 tunc
978 833 1120 926 quidem
1136 835 1227 908 libe·

168 933 269 1012 tatur
280 941 302 1026 ,¹
320 931 534 1023 eumaliqua
549 929 736 1008 difficultas
753 925 1058 1028 perpetrationem
1077 935 1151 1025 ejus
1172 933 1228 1006 in·

169 1029 343 1125 tercipit'
376 1027 561 1122 lpse'enim
576 1031 637 1106 srbi
653 1032 868 1124 imputatur,
894 1051 962 1106 nec
984 1029 1144 1106 excusari
1158 1053 1228 1128 po·

169 1133 258 1220 terit
270 1151 334 1226 per
345 1131 439 1206 illam
451 1127 659 1222 perficiendi
673 1129 936 1226 infelicitatem,
964 1145 1111 1226 operata
1126 1131 1228 1224 quod

167 1229 408 1318 suumfuerat.
451 1229 618 1322 Denique
630 1231 792 1306 dominus
809 1229 1103 1322 quemadmodum
1117 1229 1151 1304 se
1167 1229 1229 1306 ad·

165 1329 360 1430 Jeuionem
375 1329 445 1423 legi
458 1327 693 1422 superstruere
708 1329 945 1424 demonstrat,
964 1331 1030 1406 nisi
1047 1331 1234 1406 &volun-¹

30 1466 32 1472 ¹
106 1437 109 1446 '
167 1432 252 1508 tatis
266 1429 514 1506 interdicendo
528 1427 676 1506 deutur
703 1427 792 1504 Cum
806 1429 1024 1523 adultemm,
1049 1451 1125 1503 non
1140 1435 1227 1506 e'um

168 1529 284 1613 solum
302 1527 449 1621 definit,
476 1531 536 1622 qui
553 1531 713 1608 cominus
735 1529 773 1602 in
791 1529 942 1624 alienum
959 1529 1227 1607 matrimonium

168 1627 370 1722 cecidisset,
402 1647 528 1704 verum
550 1629 659 1706 etiam
681 1629 798 1724 illum,
831 1629 898 1722 qur
913 1627 1068 1723 aspedus
1088 1651 1227 1704 coneu-

167 1729 340 1830 piscentia
356 1725 644 1812 contammaffet:
668 1727 759 1806 adeo
778 1728 876 1820 quod
890 1727 1104 1822 prohibetur
1118 1727 1228 1804 admi·

64 1907 72 1924 ,
167 1831 339 1922 nistrare,
366 1827 445 1904 satis
464 1827 661 1921 periculose
679 1830 813 1916 animus
832 1829 893 1902 srbi
912 1826 1160 1924 representat,
1188 1829 1227 1922 dt

167 1941 306 2006 temere
335 1948 403 2028 per
430 1930 658 2004 voluntatem
682 1928 854 2025 expungit
878 1925 1053 2004 effesttrn.
1111 1927 1225 2020 Cuius

109 2085 112 2094 .
167 2027 370 2102 voluntatis
392 2047 472 2101 etun
487 2029 543 2102 vis
563 2025 738 2120 tantast,
773 2043 905 2105 utnon
923 2025 1085 2102 solatium
1103 2025 1226 2123 suisa·

166 2141 292 2204 curans
303 2147 372 2222 pro
387 2123 482 2204 sudio
498 2125 622 2220 cedat,
640 2145 708 2220 pro
722 2125 815 2201 sarto
831 2147 917 2226 ergo
930 2125 1114 2225 plectetur.
1151 2126 1229 2201 Va·

37 2231 40 2237 ’
165 2227 336 2310 nisiimum
351 2224 401 2299 est
414 2225 554 2320 dicere,
579 2227 702 2321 volui,
728 2219 797 2302 ne'e
814 2240 933 2302 tamen
951 2227 1035 2306 feci.
1087 2225 1228 2332 Atquin

164 2319 465 2424 perficere'debes
481 2329 562 2422 quia
574 2327 650 2402 vis:
677 2339 738 2400 aut
750 2345 818 2400 nec
833 2327 947 2421 velle,
969 2327 1050 2421 quia
1062 2347 1131 2404 nec
1143 2345 1228 2422 pera

115 2432 119 2442 '
165 2424 258 2505 ficis.
309 2425 380 2500 Sed
400 2426 473 2519 ipse
491 2424 715 2503 conscientie
734 2437 805 2502 tuae
827 2426 1046 2504 confessione
1061 2445 1225 2524 pronun·

2 2471 4 2480 y
33 2569 38 2582 ι
139 2555 141 2560 ·
166 2529 251 2604 ciac.
303 2523 397 2610 Nam
412 2527 435 2600 sr
451 2530 589 2612 bonum
603 2524 895 2626 concupisceres,
921 2523 1094 2622 perficere
1108 2525 1228 2624 gestis

164 2617 235 2718 ses,
249 2645 363 2720 porro
377 2625 466 2703 sicut
482 2627 612 2702 malum
625 2647 701 2702 non
718 2621 874 2719 perficis,
885 2647 953 2702 nec
970 2623 1227 2719 concupiscere

165 2725 351 2804 debueras.
373 2755 377 2763 ·
411 2728 563 2828 Quaqua
577 2737 615 2802 te
637 2723 882 2821 constitueris,
898 2725 1046 2804 erimine
1061 2725 1228 2826 astringe·

164 2825 233 3005 tile:
260 2826 340 2946 quia
358 2837 420 2903 eut
437 2829 568 2906 muium
587 2823 772 2924 volueris,
800 2837 862 2904 tut
874 2823 1011 2906 bonurn
1024 2845 1100 2922 non
1115 2823 1225 2904 edim·

206 2945 335 3004 eveus.
653 2975 655 2978 -
1168 2983 1172 2993 .

163 2929 190 3028 p
220 3047 279 3116 ’4.
301 3024 479 3108 Omnibus
500 3047 587 3126 ergo
609 3021 742 3102 dennis
766 3020 827 3102 seu
845 3047 976 3120 eune,
1009 3023 1068 3103 seu
1083 3023 1226 3123 spiritu,

164 3121 226 3204 seu
247 3123 368 3221 sedin,
395 3123 455 3204 stu
478 3129 669 3204 voluntate
691 3125 899 3222 committis,
926 3127 984 3218 qui
1000 3147 1139 3224 poenam
1158 3143 1229 3222 per

160 3220 335 3324 iudicium
353 3223 563 3319 destinavit,
583 3225 677 3304 idem
696 3223 888 3304 &veniam
902 3245 969 3324 per
978 3225 1239 3328 penitentiam

164 3323 380 3423 spopondit,
405 3323 527 3400 dicens
543 3325 790 3424 adpopulum:
820 3323 973 3402 renuere
987 3323 1158 3418 &salvum
1167 3326 1229 3420 fa-

164 3429 303 3500 ciente.
351 3421 401 3502 Et
415 3419 566 3502 iterum}
599 3430 702 3514 Vive,
729 3424 1050 3522 inquinaremus,
1080 3425 1114 3502 dt
1124 3429 1229 3524 puni·

163 3531 303 3602 turriam
321 3525 400 3598 maso
415 3549 508 3624 quam
526 3543 665 3598 mortem.
715 3523 1048 3624 Ergopoenitentia
1062 3528 1139 3602 vita
1159 3521 1227 3620 est,

164 3643 246 3702 cum
263 3621 483 3720 preponitur
499 3625 621 3704 morti.
671 3625 817 3706 Eamtu
832 3640 1025 3722 peccator,
1051 3627 1119 3704 mei
1135 3623 1229 3702 suni·
1281 3686 1285 3718 ,

162 3719 207 3800 us
224 3721 317 3824 (imo
336 3745 392 3803 me
407 3726 546 3822 minor,
572 3749 641 3824 ego
658 3729 756 3814 ‚enim
770 3723 1004 3824 pronuntiem
1025 3727 1063 3804 in
1089 3721 1227 3802 desistit
1273 3720 1282 3752 '

163 3835 278 3904 tutem
298 3823 476 3931 agnosco)
497 3827 550 3905 ite
570 3825 728 3930 invade,
761 3825 813 3905 ite
833 3825 1056 3926 amplexare,
1081 3839 1125 4006 u}
1138 3843 1246 3905 nau.
1266 3851 1269 3856 ·

706 3968 710 3976 ,
1123 3945 1175 4004 sa,
1279 3949 1291 3960 ν
