2634 4336
19 293 22 298 Α
155 227 241 322 ,368
296 217 1076 336 Ι(2.διειυτ.ῙΐιοιιΤιιιιτιηιηιιι

168 380 252 464 inde
271 385 418 480 delate,
442 387 476 459 dc
492 385 552 460 hic
567 377 765 462 recordate
783 387 1043 496 crederentur,
1059 381 1104 460 nd
1120 403 1242 462 occe

115 531 118 538 *
169 485 286 566 ssones
304 488 409 580 plane
425 487 599 560 hereticis
615 485 927 561 subministrandas.

247 607 303 677 ²5·
329 585 406 680 Jam
425 603 521 658 nunc
547 587 724 682 regrediar
745 585 788 660 ad
810 584 960 660 caulium
983 585 1087 680 hujus
1109 579 1232 660 exeess

170 679 251 778 lits,
275 697 319 758 ut
330 683 495 778 reddam,
522 686 707 778 quomodo
725 687 847 780 animae
863 705 908 758 ex
924 705 995 758 una
1010 683 1230 778 redundent,

172 784 336 878 quando,
363 785 398 856 dc
411 785 496 878 ubi,
522 783 613 858 &ex
629 804 697 876 qua
712 787 855 858 ratione
871 782 1069 878 sumantur,
1096 783 1142 858 de
1158 805 1230 876 qua

171 883 290 980 specie
311 883 399 958 nihil
422 881 558 977 refert,
596 906 616 956 a
635 875 879 978 Philosoph0,
907 903 951 958 an
972 885 1016 958 ab
1039 883 1228 976 haeretico,

173 1005 221 1058 an
239 1003 259 1056 a
277 983 391 1080 vulgo
414 981 559 1075 quaestio
580 999 757 1058 occurrat.
808 981 919 1056 Nulla
932 983 1077 1058 interest
1094 981 1230 1077 profes·

172 1084 310 1161 soribus
328 1081 491 1156 veritatis
509 1081 553 1155 de
571 1081 774 1156 adversariis
790 1083 884 1178 ejus,
909 1081 1060 1156 maxime
1075 1095 1149 1156 tam
1170 1103 1231 1154 au·

174 1183 344 1276 dacibus,
374 1201 478 1274 quam
497 1178 577 1254 sunt
598 1184 717 1273 primo
739 1181 791 1256 isti
815 1183 875 1274 qui
896 1181 1127 1276 presumunt,
1151 1201 1231 1256 non

173 1282 213 1358 in
225 1295 332 1356 utero
351 1280 494 1372 concipi
511 1281 680 1374 animam,
705 1303 772 1354 nec
795 1301 876 1356 cum
893 1283 1006 1355 carnis
1021 1279 1232 1380 figulatione

175 1382 357 1478 compingi
375 1392 482 1471 atque
496 1381 667 1476 produci,
688 1379 746 1456 sed
760 1381 793 1452 dc
808 1377 920 1454 effuso
931 1383 1002 1474 jam
1019 1395 1124 1476 partu
1139 1401 1233 1454 non·

175 1484 260 1558 dum
280 1481 372 1556 vivo
395 1478 521 1554 infanti
544 1477 762 1552 extrinsecus
779 1481 942 1574 imprimi.
995 1479 1163 1554 Ceterum
1183 1480 1232 1554 se·

174 1603 257 1660 men
283 1601 328 1654 ex
355 1577 553 1654 concubitu
582 1581 810 1653 muliebribus
841 1579 1230 1674 locissequestratum,

174 1698 351 1772 motuque
374 1680 526 1752 naturali
549 1692 757 1774 vegetatum
782 1679 1093 1778 compinguescere
1114 1681 1152 1752 in
1175 1678 1231 1752 so·

176 1783 246 1858 iarn
262 1777 486 1854 substantiam
505 1779 637 1854 carnis:
664 1801 740 1853 eam
760 1781 909 1873 editam,
937 1779 1034 1872 dede
1046 1780 1140 1852 uteri
1157 1777 1228 1852 sor·

175 1903 267 1957 nace
283 1877 499 1968 fumantem,
518 1877 552 1950 dt
566 1877 687 1952 calore
701 1873 851 1954 solutam
862 1892 904 1951 ut
921 1878 1053 1952 ferrum
1067 1881 1230 1975 ignitum,

175 1979 360 2056 &ibidem
383 1977 516 2072 frigidae
531 1975 752 2070 immersum,
779 1979 829 2050 ita
845 1979 934 2052 aeris
954 1979 1074 2076 rigore
1092 1973 1231 2072 percus·

178 2079 273 2173 sam,
312 2077 346 2151 dt
368 2077 442 2152 vim
467 2075 650 2150 animalem
678 2096 827 2172 rapere,
862 2078 1084 2152 &vocalem
1107 2075 1233 2152 sonum

178 2179 338 2253 reddere.
389 2174 475 2249 Hoc
487 2175 600 2247 Stoici
613 2193 694 2250 curn
709 2175 968 2271 Aenesidem0,
995 2173 1114 2271 &ipse
1123 2179 1233 2250 inter·

179 2277 263 2353 dum
280 2277 404 2370 Plato,
430 2293 538 2366 quum
557 2273 660 2350 dicit:
684 2277 832 2369 perinde
854 2278 1003 2353 animam
1027 2293 1235 2351 extraneam

178 2379 263 2452 abas
288 2377 323 2450 dt
345 2387 528 2450 extorrem
549 2376 642 2447 uteri
669 2377 782 2471 prima
799 2375 1036 2471 adspiratione
1058 2375 1234 2472 nascentis

178 2479 324 2556 infantis
347 2473 499 2565 adduci,
525 2473 613 2548 licut
632 2495 677 2550 ex
700 2474 890 2569 spiratione
910 2475 1095 2552 noxviffima
1116 2477 1233 2552 educi.

180 2577 390 2652 Videbimus
407 2595 451 2647 an
463 2569 671 2650 sententiam
686 2571 850 2670 finxerit,
875 2597 923 2652 ne
937 2599 981 2652 ex
994 2575 1235 2666 Medicisqui·

181 2678 261 2753 dem
284 2675 398 2751 desuit
416 2671 595 2766 Hicesius,
624 2673 658 2747 dr
678 2688 812 2748 nattuae
832 2675 967 2750 &artis
987 2675 1055 2750 suae
1069 2676 1236 2768 prevari-

181 2792 294 2851 cator.
346 2771 497 2866 Puduit,
523 2773 677 2868 opinor,
702 2773 784 2848 illos
795 2775 871 2850 boc
882 2775 1055 2867 stantere,
1073 2775 1172 2867 quod
1185 2773 1237 2850 ie·

179 2879 283 2953 minae
305 2869 548 2972 agnoscerent.
607 2867 660 2945 At
682 2889 816 2966 quanto
839 2877 1057 2950 roboratior
1073 2877 1191 2947 exitus
1217 2895 1238 2948 a
1281 2903 1283 2911 ⁴

180 2975 321 3052 feminis
340 2971 502 3066 revinci,
537 2993 641 3066 quarn
659 2975 830 3068 probari?
861 2973 902 3050 ln
916 2975 979 3048 ista
996 2995 1147 3067 namque
1161 2973 1237 3068 spe·

114 3146 117 3152 ,
136 3125 147 3144 ‚
176 3080 238 3152 cie
253 3095 361 3150 nemo
376 3087 447 3147 tam
460 3071 613 3146 idoneus
627 3072 808 3169 magister,
829 3076 981 3170 arbiter,
997 3073 1113 3166 testis,
1132 3089 1238 3166 quam

181 3175 284 3252 sexus
304 3174 420 3268 ipsius.
472 3171 702 3268 Respondete
719 3187 870 3266 matres,
905 3195 1047 3268 vosque
1062 3186 1238 3271 pregnan-

70 3320 76 3333 κ
181 3291 259 3370 tes,
291 3293 434 3366 vosque
454 3289 658 3369 puerpera,
690 3271 823 3348 steriles
851 3273 1047 3349 &masculi
1076 3285 1237 3368 taceant,

182 3373 310 3450 vestre
325 3387 460 3447 nature
471 3375 605 3446 veritas
620 3361 807 3467 queritur,
828 3373 954 3448 vestra
967 3373 1129 3467 passionis
1147 3371 1239 3448 lidee

182 3473 427 3566 convenitur,
453 3493 497 3544 an
512 3472 662 3564 aliquam
675 3472 712 3544 in
726 3471 816 3545 stetu
828 3471 985 3548 sentiatis
1001 3473 1239 3548 vivacitatem

183 3573 333 3648 asenam
350 3572 395 3647 de
412 3569 565 3645 vestros
597 3571 731 3664 dequo
751 3573 928 3668 palpitent
939 3574 1016 3664 ilia,
1042 3574 1178 3649 micent
1190 3575 1238 3645 la-

43 3697 46 3746 ε
183 3684 282 3766 tera,
308 3685 389 3746 tota
404 3673 540 3746 ventris
554 3671 700 3745 ambitio
715 3671 893 3768 pulsetur,
919 3675 1051 3762 ubique
1065 3671 1237 3765 ponderis

145 3847 167 3870 Α
183 3773 284 3872 tegio
307 3785 488 3846 mutauit:
523 3791 567 3845 an
587 3771 624 3846 hi
649 3773 916 3870 motus-gaudia
938 3771 1056 3846 vestra
1076 3772 1167 3863 sint,
1202 3771 1240 3852 dt

184 3883 284 3949 certa
296 3867 488 3970 securius,
515 3871 614 3967 quod
628 3872 679 3946 ita
690 3871 866 3950 infantem
885 3873 919 3948 dc
937 3874 1066 3948 vivere
1079 3865 1240 3984 conlide-

514 3991 516 3996 '
1144 3983 1194 4044 os
