2638 4342
133 147 210 232 σεοΙ
280 143 330 244 Q.
354 96 491 227 Srr‘t.
513 139 657 221 Ft'o'm
683 139 1045 219 Terrenorum
1157 159 1163 188 ¹

131 307 297 389 Hebioni
311 303 489 380 Christian
503 305 606 380 lusit
622 306 668 382 de
680 305 812 382 semine
824 319 963 400 natum,

131 407 184 486 Et
200 405 406 480 circumcidi
422 407 570 497 docuit,
594 407 738 505 legique
749 411 895 498 vacare,
993 445 995 448 ·
1011 437 1013 454 ·

133 507 316 586 Festinus
330 505 450 580 amillrs
470 507 646 580 elementa
663 503 842 580 resumere
854 505 956 602 legis.

135 606 350 684 Extremum
365 605 505 680 lacinus
519 605 642 680 verbis
659 607 855 682 extendere
872 603 980 695 nolo,

23 739 26 750 ·
135 707 215 784 Aut
234 727 362 783 omnes
377 703 516 798 causas,
541 719 602 780 atat
619 705 765 781 nomina
781 707 902 779 dicere
918 699 1054 780 cunda.
1190 707 1196 726 '

134 805 200 883 Est
218 827 397 900 perpauca
412 801 492 878 satis
510 795 666 880 crudelia
679 809 791 882 multa
805 819 950 896 notare,
1105 895 1109 903 ,
1170 878 1175 890 ,

134 904 382 999 tutandosque
395 905 579 997 homines,
608 921 714 999 atque
731 927 865 1002 organa
881 903 972 977 saeva
990 899 1176 995 dracoms,

135 1005 209 1084 Per
226 1027 319 1098 quos
336 1025 434 1078 manc
454 1017 592 1080 tamum
610 1005 754 1080 sceleris
768 1007 842 1078 line
860 1003 950 1078 teste
966 1001 1100 1094 locuti,
1230 1043 1237 1055 ·

137 1105 290 1200 Semper
299 1103 469 1180 sudorem
489 1105 610 1178 mtuldi
631 1108 775 1198 culpare
792 1107 978 1177 laborant:
1013 1176 1018 1186 ,

191 1221 225 1293 8.
246 1205 317 1278 Sed
336 1216 512 1277 reuocate
529 1207 657 1298 pedem
674 1203 757 1278 saevi
771 1207 924 1278 latronis
939 1204 986 1275 ab
1002 1212 1126 1294 antro,

137 1306 238 1382 Dum
251 1304 401 1398 spatium
416 1306 539 1398 detur,
565 1305 603 1377 ‘dt
616 1307 755 1400 patiens
771 1307 907 1399 pietate
918 1301 1103 1395 perennis,

137 1403 248 1482 Petita
262 1427 330 1499 per
346 1425 506 1478 errorem
524 1405 656 1478 miseris
672 1404 772 1478 Deus
786 1405 907 1478 omnia
920 1402 1042 1500 donat.

139 1503 290 1579 Credite
310 1525 406 1578 uero
422 1503 516 1576 Patri
537 1522 652 1596 vero,
680 1506 738 1597 qui
756 1501 918 1576 condidit
937 1501 1079 1592 orbem,

137 1605 280 1684 Verum
300 1603 361 1696 qui
380 1603 563 1678 dominum
577 1605 668 1678 milit
686 1623 869 1678 renovare
883 1601 1023 1677 ruinam

139 1704 339 1799 Iuiparibus
357 1703 427 1802 legi
433 1757 446 1796 ,
473 1705 614 1796 peccati
630 1705 667 1778 in
686 1705 823 1801 gurgite
836 1699 971 1792 merlis,

139 1803 214 1880 Per
225 1818 332 1878 vates
351 1805 438 1878 olim
457 1801 659 1900 promissam
675 1802 805 1877 afferre
821 1799 980 1876 salutem.
1013 1895 1014 1898 Ν
1123 1853 1131 1862 --
1200 1868 1205 1877 .

140 1904 219 2079 gui
235 1901 401 1978 mandata
418 1903 535 1996 dedit,
562 1899 623 1977 hic
640 1901 675 1976 e
690 1915 839 1995 peccata
855 1899 1018 1974 remittit.

2 2010 3 2028 ³
176 2004 266 2098 xigit
281 2002 340 2074 hic
356 2003 487 2094 aliquid
502 2004 657 2096 naeri‘to,
683 2003 764 2094 quia
779 2001 930 2074 credidit
948 2012 1046 2083 ante,

140 2100 223 2177 Aut
240 2099 353 2184 donat
367 2103 466 2196 large
481 2099 681 2194 Dominus,
707 2103 800 2194 quasi
819 2099 940 2174 debita
954 2097 1076 2172 serus.
1179 2157 1182 2164 .

141 2200 314 2291 Denique
330 2198 520 2273 conclusos
538 2200 719 2298 populos,
743 2219 954 2296 poenamque
971 2193 1166 2274 merentes
1199 2215 1204 2224 ⁴

142 2295 300 2377 Detecto
320 2300 444 2396 elogio
463 2301 610 2375 etmiios
627 2303 732 2394 iubet
749 2299 822 2398 ipse
841 2299 965 2374 lavari.
1076 2291 1078 2302 '
1200 2369 1206 2377 .

194 2421 231 2495 9.
250 2395 351 2498 Ergo
367 2413 468 2472 totus
481 2401 595 2476 homo
615 2401 751 2496 credit,
778 2414 950 2494 totusque
966 2400 1121 2470 lavatur.

144 2481 333 2594 Abstine,
362 2513 423 2572 aut
444 2503 666 2598 patiturpro
687 2503 834 2576 nomine
859 2501 1010 2592 vulnera
1030 2515 1135 2590 vere,
1202 2585 1206 2592 ,

144 2601 268 2672 Verus
282 2596 391 2695 surgit
409 2600 545 2693 homo,
565 2621 655 2675 vere
669 2621 766 2676 mors
781 2598 875 2672 vidia
890 2598 1025 2685 filebit3

144 2697 217 2772 Sed
231 2717 308 2770 non
322 2719 404 2792 pars
422 2699 579 2774 hominis
600 2701 738 2796 arima,
766 2699 823 2775 sua
840 2711 940 2794 parte
956 2695 1093 2790 relius,

144 2795 326 2892 Percipiet
343 2799 512 2894 palmam,
538 2799 634 2874 socia
649 2822 752 2896 quam
771 2819 877 2872 carne
892 2797 1060 2870 laborans
1201 2820 1207 2836 ·

144 2895 190 2972 ln
207 2895 321 2969 stadio
341 2895 497 2992 lutlata,
526 2899 625 2976 fimul
645 2897 834 2994 conjuntta
856 2911 1026 2994 meretur.¹

147 2993 297 3069 Grande
312 2995 434 3090 nefas,
460 3015 609 3093 portare
628 3000 718 3074 duos
736 3019 800 3096 per
815 2999 960 3072 vincula
976 2993 1147 3090 pondus,v

2 3101 8 3109 ’
147 3097 318 3268 gnosum
336 3096 379 3170 srt
395 3099 557 3194 locuples
578 3121 690 3193 unus,
717 3111 822 3194 atque
840 3099 928 3171 alter
945 3117 1104 3192 egenus3

94 3215 98 3228 ·
183 3193 376 3268 tmiserum
391 3194 526 3292 sperni,
560 3195 655 3274 felici
672 3199 819 3293 proemia
833 3197 953 3270 reddi:
1112 3209 1114 3213 ’

74 3297 84 3322 ·“
147 3291 241 3367 Non
260 3291 584 3392 fecithocJustus,
609 3299 782 3374 mercedis
800 3297 1110 3390 redditoraequus,
1165 3341 1171 3353 ‚

147 3391 360 3487 Eteonos,
388 3393 564 3490 olives,
591 3419 695 3488 quem
714 3397 910 3489 credimus,
938 3397 1059 3471 omnia
1075 3389 1195 3490 polle,

2 3500 55 3572 '.
149 3489 278 3564 Suavis
296 3491 334 3565 in
351 3493 511 3591 ingratos
531 3493 715 3570 miserendi
732 3500 838 3594 plena
858 3497 1041 3570 voluntas.
1205 3512 1210 3520 ·

152 3589 253 3685 Quin
266 3592 410 3686 potius,
438 3597 497 3667 cui
513 3597 625 3686 major
641 3595 730 3670 inest
744 3597 906 3675 mortalis
925 3593 1076 3692 egestas,
1167 3613 1174 3628 ‘

113 3787 115 3794 y
150 3687 260 3766 Poffit
276 3703 319 3761 ut
334 3695 484 3789 aequari,
511 3691 811 3792 reclamemus,
835 3697 872 3768 id
888 3697 988 3770 ultro

153 3787 340 3882 Quidquid
352 3807 457 3888 eget,
481 3795 610 3870 tribuit
625 3795 808 3894 locuples:
832 3793 881 3872 sse
896 3795 1043 3875 credere
1054 3789 1198 3970 jugum.

235 3923 243 3934 ⁴
666 3929 670 3936 ·
1124 3915 1168 3966 ec

818 3997 864 4094 t'x
