2586 4334
215 175 283 244 un
313 152 748 240 Rusunnuerron’e
783 180 976 252 cannis
1052 171 1126 256 581
1170 223 1173 228 .

56 321 113 398 lus
132 319 335 402 exhorruit.
375 321 538 400 ,Constat
556 345 632 399 non
649 337 787 400 tentum
801 321 874 400 ossa
887 325 1033 420 durare,
1061 349 1124 403 ve·

57 439 139 496 rum
156 421 330 500 &dentes
345 425 577 517 incorruptos
596 443 813 518 perennare,
841 441 973 517 quent
994 424 1124 504 senine

57 521 274 596 retinentur¹
296 519 542 600 nidificanti
575 524 741 616 corporis
778 526 816 597 in
852 523 1123 606 resurreetione.

62 617 252 696 Postremo
275 621 338 696 etii
357 632 446 696 tunc
464 623 679 698 devoratum
699 623 905 698 invenietur
919 628 1072 700 mortale
1083 627 1124 704 iu

60 723 227 806 omnibus
242 723 413 814 mortuis,
430 736 530 796 certe
546 737 723 814 amorte,
736 739 836 796 certe
850 726 893 798 ab
910 747 1006 818 aevo,
1022 739 1126 808 certe

56 841 124 914 per
146 835 315 914 etatem,
341 821 502 916 nunquid
525 845 545 896 a
567 824 668 916 vita,
694 823 854 916 nunquid
879 821 1122 916 asuperindu·
1233 863 1251 900 ο

55 934 213 1014 mento,
246 921 407 1014 nunquid
430 923 474 996 eb
497 922 772 996 immortalitatis
796 921 964 1018 ingestu?
1001 919 1120 998 Porro
1278 945 1283 954 ·

57 1021 141 1116 quie
163 1019 217 1094 his
242 1023 292 1094 ait
315 1021 531 1094 devoratum
548 1021 590 1094 iri
608 1023 781 1115 mortale,
807 1023 850 1095 ab
868 1023 943 1096 eliis
959 1025 1119 1118 negavit.

54 1115 107 1198 Et
129 1122 255 1212 utique
277 1121 351 1196 hoc
372 1143 392 1194 a
413 1121 542 1194 divinis
566 1121 728 1212 viribus,
754 1141 834 1196 non
861 1124 1119 1196 aneturalibus

55 1215 182 1314 perfici
200 1217 424 1314 prestatione
443 1221 652 1296 conveniet.
703 1217 802 1318 Ergo
822 1242 902 1296 curn
922 1243 943 1294 a
962 1223 1039 1296 vita
1060 1221 1120 1296 ha.
1207 1231 1212 1243 ’

54 1319 141 1396 beat
159 1319 328 1398 devorari
349 1318 448 1412 quod
465 1321 618 1395 mortale
638 1317 709 1414 est,
737 1319 775 1393 id,
788 1321 948 1395 exhiberi
968 1321 1120 1395 omnifa·

54 1421 144 1492 riam
159 1415 299 1511 neceise
314 1417 383 1512 est,
406 1431 448 1492 ut
464 1419 683 1511 devoretur,
710 1419 925 1493 &devorari
940 1431 982 1494 ut
999 1420 1119 1496 domu,

8 1599 9 1602 t
54 1529 167 1596 tetur.
218 1517 255 1592 Si
269 1520 388 1616 ignem
411 1518 506 1592 dicas
528 1518 676 1594 accendi
695 1533 888 1613 oportere,
913 1539 991 1592 non
1009 1531 1120 1622 potes

53 1615 112 1710 id,
129 1635 196 1711 pet
215 1617 314 1710 quod
327 1618 661 1712 ammonendum
672 1615 902 1694 neceliariurn
917 1614 1117 1714 adfirmare,

55 1717 140 1792 rubi
160 1737 250 1795 non.
296 1713 357 1796 'Sit
382 1715 416 1794 dt
443 1737 523 1795 curn
549 1716 718 1812 infulcit,
745 1721 909 1815 Siquidem
933 1726 1023 1790 exuri
1048 1743 1118 1790 nen

52 1821 137 1891 nendi
148 1821 375 1904 inveniemur,
403 1817 447 1890 de
464 1819 515 1890 eis
531 1813 664 1893 scilicet
683 1815 743 1908 qui
765 1817 900 1898 nonin
922 1819 1020 1910 vita,
1045 1839 1116 1892 neo

52 1917 91 1994 in
112 1937 219 1990 cerne
233 1917 553 2012 'deprehendentur
569 1937 589 1988 a
605 1915 665 1990 die'
677 1915 833 1990 domini:
857 1935 934 1992 non
957 1919 1039 1995 alies
1055 1937 1119 1993 ue·

52 2015 321 2114 gavitnudos,
354 2035 445 2108 quos
463 2013 625 2108 predixit
642 2027 796 2108 exutos,
823 2015 888 2092 nisr'
909 2015 990 2107 quia
1011 2037 1116 2092 reve·

51 2115 157 2192 stitos
176 2117 297 2191 voluit
321 2116 469 2212 intelligi
497 2113 621 2189 eudem
645 2111 857 2207 substantia,
883 2135 953 2207 qua
973 2115 1117 2200 fuerent

51 2213 206 2312 spoliati.
255 2213 310 2289 Ut
324 2215 411 2288 nudi
431 2213 525 2306 enim
540 2213 789 2302 invenientur:
816 2233 922 2288 carne
939 2214 1114 2310 deposita,

50 2317 114 2390 vel
136 2335 181 2388 ex
200 2327 301 2407 parte
319 2311 449 2390 disciffa
465 2311 539 2386 srve
560 2311 700 2388 detrita.
751 2308 800 2386 Et
815 2314 888 2388 hoc
906 2315 1000 2391 enim
1013 2315 1114 2388 nudi·

31 2429 106 2489 ·tas
126 2414 247 2508 potest
266 2415 347 2490 dici.
398 2411 544 2492 Dehinc
561 2409 737 2504 recipient
751 2431 850 2504 enm,
875 2425 917 2484 ut
934 2413 1115 2492 redinduti
1156 2478 1166 2494 .

41 2535 159 2590 carne
179 2511 256 2588 lieri
278 2511 408 2608 polliut
428 2513 535 2586 etiam
560 2508 779 2604 superinduti
796 2511 1112 2596 immortalitatem,

50 2611 265 2706 Superindui
289 2613 384 2687 enim
403 2611 465 2686 nisr
488 2609 623 2688 vestito
642 2609 716 2706 jam
737 2613 938 2688 convenire
953 2631 1030 2688 non
1046 2633 1114 2708 po·
1141 2702 1146 2710 Ι

50 2713 149 2790 terit.
702 2767 710 2774 .
811 2727 815 2734 ’
1128 2732 1130 2738 ·

123 2831 186 2904 43.
210 2805 372 2885 Proinde
392 2829 472 2884 cum
499 2807 607 2902 dicite
647 2811 758 2908 itaque
782 2809 884 2908 cariffi
897 2809 1040 2909 sempr,
1072 2809 1112 2894 du·
1141 2896 1145 2905 Ι

8 2937 9 2942 ’
45 2907 182 3008 [cientes
202 2913 280 3008 q'urd
303 2933 373 2981 cum
399 2917 599 2982 immoramur
621 2913 658 2980 in
672 2931 810 3005 corpore,
833 2917 1070 3006 peregrinemur
1090 2938 1112 2984 e

47 3011 184 3086 omen.
242 3013 300 3082 Per
307 3011 404 3101 fidem
417 3014 501 3083 min
516 3005 687 3082 incedimus
702 3031 837 3106 noviper
841 3013 980 3106 speciem.
1032 3009 1121 3090 Mas,
1170 3009 1174 3015 ⁴

8 3193 10 3216 γ
46 3109 215 3187 nifestum
233 3107 284 3184 est
307 3111 379 3186 hoc
400 3129 545 3201 quoque
562 3130 637 3208 non
653 3109 833 3202 pertinere
849 3109 892 3180 ad
905 3105 1111 3182 offuscatio*

45 3229 130 3288 nem
154 3211 272 3282 carnis
296 3210 388 3301 quast
409 3207 602 3298 separantis
624 3229 691 3280 noe
716 3231 735 3280 a
755 3209 916 3282 domino.
979 3205 1030 3282 Et
1051 3205 1114 3282 hic

46 3313 142 3384 enirn
158 3307 368 3384 exhortatio
382 3306 596 3381 fastidiendo
609 3306 694 3381 vitae
713 3307 816 3400 hujus
832 3305 1054 3399 obvertitur,
1069 3304 1110 3380 ii·

47 3409 193 3504 quidem
222 3409 487 3504 peregrinemur
513 3429 533 3482 a
558 3407 708 3482 domino
742 3405 908 3499 qumndiu
940 3406 1113 3492 vivimus,

8 3581 9 3584 a
44 3505 112 3587 Per
135 3505 246 3586 fidem
264 3507 494 3599 incedentes,
526 3526 604 3578 non
626 3525 690 3598 per
709 3503 882 3600 speciem,
908 3504 947 3578 id
967 3501 1019 3579 est
1034 3502 1112 3600 spe,

8 3605 9 3608 ‘
44 3629 118 3686 noo
137 3629 201 3687 te:
234 3604 369 3682 &ideo
385 3605 582 3700 subjungit:
608 3603 778 3679 Fidentes
793 3621 910 3680 alitem
925 3604 1111 3701 &bonurn

45 3705 207 3786 dicentes
228 3707 338 3804 magis
356 3704 573 3802 peregrinari
596 3725 615 3776 a
635 3723 793 3798 corpore
816 3703 1049 3778 &immorari
1065 3701 1111 3778 ad

8 3899 9 3906 ἶ
45 3808 259 3902 dominum,
293 3803 427 3885 scilicet
449 3817 491 3878 ut
514 3820 579 3897 per
602 3799 755 3894 speciem
774 3803 882 3908 magis
902 3802 1112 3886 incedamus

8 3989 10 4034 ,
324 3936 329 3947 ¹
554 3899 676 4004 003
831 3954 841 3967 ·
953 3921 1061 4002 quan
1236 3941 1241 3952 ·
