2536 4336
167 218 264 317 390⁴·
303 211 354 310 Q.
379 205 685 290 Sanml'ton.
710 195 1076 284 Trnnutnranr

163 375 236 469 jam
246 383 420 467 ereptam.
469 369 586 446 Sed&
599 371 660 446 illa
675 369 722 444 src
736 371 868 464 patitur
884 383 927 442 ut
943 371 1025 444 alibi
1044 391 1152 473 agere
1168 373 1218 450 vl·
1253 381 1254 468 ἴ

166 473 312 566 dentur,
342 471 609 546 diffimulatione
635 468 826 562 praesentiae
851 467 1005 544 futuram
1028 472 1218 550 absentiam

165 571 347 648 ediscens:
382 571 417 644 dc
445 583 564 644 tamen
588 570 731 642 interim
757 569 934 663 somniat,
970 593 1039 644 nec
1059 571 1218 665 quiescit,

164 693 235 748 nec
251 668 446 770 ignavescit
465 669 639 762 omnino,
675 688 743 742 nec
763 683 923 744 naturam
943 671 1217 748 immortalitatis

165 771 303 851 servam
322 770 462 866 soporis
482 768 622 844 addicit.
674 769 809 842 Probat
823 767 858 842 se
873 769 1044 844 mobilem
1065 769 1217 868 sempera
1235 811 1255 824 ·=

46 899 51 908 ·
166 883 284 968 terra,
307 871 415 960 mari,
441 869 959 966 peregrinaturpncgotiatm,
980 869 1155 964 agitatur,
1173 871 1218 944 la·

30 1021 33 1032 -
167 971 303 1064 borat,
335 969 454 1062 ludit,
487 968 609 1060 dolet,
645 969 797 1064 gaudet,
832 969 930 1041 licita
955 979 1064 1060 atque
1088 971 1219 1044 inlicita
1255 1001 1256 1004 ¹

16 3955 19 3960 ,
169 3863 354 3946 licentiam
374 3861 498 3938 anime
518 3859 592 3938 sine
608 3872 729 3938 morte
753 3859 937 3962 fugitive,
970 3857 1169 3954 &quidem
1185 3879 1239 3936 en

166 1070 407 1168 persequitur,
439 1065 594 1142 ostendit
610 1069 709 1158 quod
725 1067 797 1140 fine
814 1087 971 1160 corpore
988 1069 1095 1142 etiam
1114 1071 1219 1164 pimi-

165 1191 263 1248 mum
285 1167 425 1264 possit,
438 1167 536 1258 quod
560 1167 595 1238 dr
614 1165 681 1240 suis
702 1167 867 1242 instruite
885 1169 928 1242 srt
947 1171 1140 1262 membris,
1163 1167 1221 1244 sed

165 1269 397 1348 nihilominus
421 1265 658 1342 necessitatem
683 1269 813 1340 habeat
831 1265 948 1340 rursus
970 1271 1136 1362 corporis
1155 1269 1223 1366 agi

166 1369 277 1448 candi.
326 1367 381 1444 Ita
401 1387 482 1466 cum
507 1365 734 1462 evigilaverit
755 1387 914 1460 corpus,
948 1367 1125 1442 redditum
1146 1367 1221 1444 offi·

168 1472 233 1548 ciis
255 1468 356 1560 ejus,
392 1465 685 1540 resurectionem
708 1480 935 1540 mortuorum
959 1467 1023 1540 tibi
1050 1465 1223 1546 adfirmat.

102 1575 106 1592 '
166 1569 256 1648 Haec
273 1565 468 1648 eritsomni
479 1566 513 1640 δι
524 1566 618 1640 ratio
629 1566 817 1658 naturalis,
837 1565 1007 1638 &natura
1023 1567 1221 1643 rationalis.

166 1666 286 1744 Etiam
297 1687 362 1760 per
374 1667 559 1762 imaginem
571 1667 699 1741 mortis
711 1662 818 1738 sidem
833 1665 995 1758 initiaris,
1005 1665 1100 1758 spem
1115 1667 1223 1742 medi·

166 1770 267 1862 raris,
279 1766 378 1842 discis
395 1768 489 1840 mori
505 1764 694 1856 &vivere,
710 1763 808 1840 discis
821 1765 968 1862 vigilare
981 1766 1064 1839 duan
1075 1766 1223 1844 dormit.

239 1891 299 1959 44.
327 1865 496 1940 Cetenun
520 1864 566 1938 de
585 1864 839 1957 Hermotimo,
864 1867 994 1939 Anima
1017 1862 1080 1960 (ut
1102 1867 1225 1962 ajmnt)

166 1965 344 2048 insomne
358 1965 521 2055 carebat,
549 1964 642 2054 quast
657 1983 721 2055 per
739 1964 965 2038 occasionem
978 1966 1143 2060 vagaturi
1161 1965 1225 2040 ho·

128 2083 133 2094 '
167 2069 272 2146 minis
293 2060 544 2160 proficiscente
565 2061 610 2134 de
634 2082 813 2158 corpore,
839 2083 934 2136 uxor
954 2065 1026 2138 hoc
1040 2064 1224 2158 procidite

167 2167 299 2252 inimici
315 2164 551 2238 dormientem
570 2160 663 2235 nam
682 2183 751 2256 pro
769 2159 939 2238 desnnclo
958 2177 1224 2240 cremaverrmt.

167 2264 334 2364 Regressa
350 2263 489 2355 anima,
523 2261 656 2334 tardius
677 2262 808 2356 credo,
839 2263 1069 2338 homicidium
1082 2261 1147 2338 sibi
1162 2265 1224 2338 im·
1258 2335 1259 2340 ,

165 2367 322 2464 putavit.
390 2361 500 2436 Cives
534 2359 753 2436 Clazomenii
785 2363 1060 2438 Hermotimum·
1085 2365 1226 2458 templo

169 2465 412 2546 consolantur.
469 2461 604 2536 Mulier
622 2481 698 2536 nnn
725 2462 819 2556 adit,
836 2465 902 2536 ‘ob
926 2475 1051 2536 notam
1075 2465 1226 2554 uicerim

168 2564 336 2659 quorsum
349 2559 462 2638 istudi
483 2573 525 2636 ut
537 2561 618 2652 quia
630 2581 706 2636 non
719 2561 823 2636 facile
836 2559 889 2636 est
899 2565 1013 2658 vaalgo
1027 2559 1227 2638 existimare

167 2665 417 2745 successionem
435 2659 557 2736 animae
578 2655 648 2734 elie
671 2659 849 2755 somnum,
876 2663 950 2736 hoc
967 2683 1113 2755 quoque
1134 2659 1227 2736 Her·

166 2764 313 2843 motimi
341 2774 552 2857 argumento
581 2761 775 2834 credulitas
807 2759 1033 2836 subornetur.
1099 2759 1228 2836 Genua

168 2867 288 2946 fuerat
311 2863 487 2960 gravioria
511 2860 692 2952 aliquanto
711 2859 878 2955 soporis,
908 2873 951 2936 nt
975 2861 1020 2934 de
1039 2861 1227 2936 incubone

167 2957 395 3064 presumptio
415 2960 486 3053 est,
510 2961 573 3034 vel
591 2959 635 3034 de
650 2981 691 3033 ea
710 2961 924 3036 valetudinis
942 2963 1022 3034 labe
1040 2959 1146 3052 quam
1161 2959 1228 3034 So·

167 3086 274 3142 tanus
295 3063 476 3156 opponit,
503 3059 696 3134 excludens
713 3061 950 3152 incubonem,
976 3075 1037 3132 aut
1052 3063 1126 3136 tale
1143 3057 1230 3154 quid

102 3185 107 3201 ¹
168 3166 277 3259 vitii,
311 3161 410 3254 quod
437 3161 543 3234 etiam
565 3155 812 3252 Epimenidem
831 3162 871 3233 in
896 3159 1056 3234 fabulam
1078 3159 1231 3334 mnpffit

170 3261 423 3358 quinquaginta
437 3279 530 3352 pene
546 3279 659 3332 annos
674 3257 962 3354 somniculosum,
1013 3257 1084 3334 Sed
1101 3259 1138 3334 dt
1193 3281 1233 3334 ea

168 3385 295 3444 :onem
305 3360 525 3450 Suetonius,
544 3355 1153 3454 &·Thras1medemTheopomput,
1168 3379 1235 3434 nes

153 3459 256 3562 'gant
274 3483 429 3555 unquam
449 3453 649 3532 somniasse:
674 3459 735 3532 nisi
754 3461 818 3532 vix
833 3459 1020 3534 Neronem
1042 3461 1078 3531 in
1096 3459 1233 3534 ultimo

169 3563 271 3640 exitu
292 3562 373 3658 post
394 3579 551 3655 pavores
567 3556 661 3632 suos.
713 3559 812 3662 Quid
825 3560 851 3634 fi
868 3559 903 3634 dt
916 3553 1167 3639 Hermotimus
1181 3561 1237 3634 ita

170 3663 263 3757 suit,
288 3661 459 3735 utorium
473 3659 942 3753 nnimaenihiloperantiain
959 3657 1090 3732 somnia
1106 3659 1236 3732 divor.

170 3765 261 3840 tium
281 3757 514 3838 crederetur?
547 3759 667 3836 omnia
681 3761 790 3857 magis
808 3757 990 3852 conjectes
1007 3777 1113 3850 quam
1131 3757 1238 3836 istam

1100 3957 1179 4034 foc·
