2638 4342
235 201 308 263 ι*
452 201 790 288 Carmana
999 221 1148 306 ἰω
1297 193 1309 272 J

88 365 150 448 Ex
167 369 309 446 duobus
323 371 466 466 populis
480 369 635 466 steriles,
661 371 734 446 fine
748 367 918 446 irustibus
934 370 1073 464 arabon,

92 473 225 573 Quos
214 493 253 546 ιιι
271 469 470 568 Evangelio
490 471 669 546 Dominus
686 493 831 563 quoque
843 471 952 566 dixit,
979 471 1149 547 &hedua

91 571 172 646 Abs
189 572 323 644 ovibus
338 591 435 644 cerm
427 569 607 644 ''stantes
597 591 633 644 ιιι
649 570 787 664 parteis
791 569 909 662 mstra

91 667 174 746 mn
197 671 339 764 quidem
357 669 531 762 quosdam
548 669 697 744 Domini
722 691 789 765 pro
805 672 953 744 nomine
968 668 1099 766 pallos,

92 773 152 846 sic
165 771 279 846 uttan
297 769 471 863 sterilem,
488 768 646 844 nucum
655 767 809 843 velass'e
794 767 989 862 ‚supremo

91 869 175 946 Hoa
194 872 325 944 merito
344 870 472 966 dignos
492 889 583 962 arat,
614 869 719 942 decet
735 867 805 942 elie
823 871 1033 964 prophetae.

91 969 267 1064 abjectos
286 971 396 1061 alios,
426 970 565 1042 Lazaro
583 981 626 1042 ut
641 967 766 1042 diues
756 969 911 1061 iniquus,

90 1069 135 1146 ln
154 1064 214 1144 sua
228 1069 364 1144 duricie
380 1089 439 1160 qut
523 1065 678 1145 mansere
694 1068 838 1161 repulit:

142 1191 176 1260 5.
186 1168 282 1244 Nam
298 1167 441 1242 velum
430 1089 601 1243 afficto
612 1168 770 1260 pendens
782 1169 952 1242 cernebat
960 1179 1146 1266 utrmque,
1215 1187 1224 1248 ι

90 1267 204 1361 lnque
221 1267 306 1342 duaa
323 1281 442 1364 partes
461 1265 570 1340 edem
584 1265 752 1340 diviserat
768 1287 886 1341 unam.

91 1367 270 1442 Interiora
286 1367 428 1460 quidem
441 1361 637 1440 sannorum
654 1363 769 1440 sanun
784 1379 933 1462 vocatu,

89 1465 172 1542 Istic
191 1487 250 1540 ara
263 1467 328 1542 itta
341 1464 536 1561 effulgebat
548 1461 680 1540 nobilis
698 1485 802 1560 auro,
1098 1557 1101 1565 A

91 1565 321 1643 Testamenta
334 1566 453 1658 iimul,
478 1565 675 1638 tabularum
693 1568 800 1662 legis,
827 1565 960 1642 &arca
1024 1609 1027 1620 ·
1096 1650 1099 1663 ¹

90 1665 246 1742 Pellibus
261 1685 435 1762 agnorum
448 1666 527 1738 coeli
540 1661 705 1738 contem
725 1667 862 1740 colore

92 1765 245 1842 Interius
261 1764 388 1839 vestita
402 1781 512 1856 auro,
537 1764 652 1837 media
667 1766 788 1838 omnia
800 1765 913 1860 ligno,

92 1865 164 1942 Hic
180 1865 302 1942 tabula
315 1865 432 1977 legis,
448 1864 507 1938 hic
519 1862 654 1938 Manna
669 1861 721 1938 est
736 1883 824 1938 mna
838 1867 990 1958 repleta,

92 1963 164 2042 Hic
184 1963 310 2039 Aaron
327 1961 432 2038 est
396 1983 517 2059 unga,
545 1965 750 2056 crucisque
767 1965 924 2064 germina
941 1961 1138 2062 profert,-

90 2063 157 2160 lpsr
174 2063 356 2156 disimilis,
381 2061 538 2156 styracis
555 2077 674 2137 tamen
688 2066 819 2138 arbore
832 2077 926 2138 nata.
990 2129 992 2134 ,

91 2165 215 2258 Atque
228 2159 331 2256 super
348 2160 529 2236 Cherubin
544 2183 609 2254 per
625 2163 776 2238 formam
796 2177 968 2257 quattuor
981 2176 1143 2240 unam

91 2261 300 2340 Pmdebant
318 2281 474 2354 pennas,
501 2259 706 2358 &faginina
717 2261 804 2354 julla
818 2265 999 2362 tegebant.
1132 2314 1145 2330 .

91 2361 261 2436 Exterius
276 2361 421 2452 velum,
447 2379 528 2476 pars
543 2361 626 2434 edis
639 2377 763 2454 aperta
777 2365 937 2458 patebat,

92 2461 133 2539 In
147 2461 292 2549 faciem3
313 2461 389 2533 lato
406 2461 526 2556 gravis
539 2462 618 2532 aeris
634 2459 747 2534 stabat
766 2463 899 2578 aheno,
1068 2521 1072 2535 .

89 2559 140 2637 Et
155 2559 396 2638 cantelabrum
413 2559 468 2633 bis
482 2559 594 2632 ternis
612 2559 768 2652 undique
780 2563 900 2656 ramis,
1045 2575 1049 2598 ¹

91 2659 276 2738 eonnexis
287 2659 408 2735 medio
422 2659 585 2752 calamo,
612 2659 835 2755 totidemque
853 2663 1018 2738 lucerne.

89 2759 214 2836 Aurea
227 2761 391 2836 materies
410 2761 616 2854 complebat
632 2762 765 2834 lumine
781 2763 964 2876 ternplum.

139 2863 175 2938 ό.
202 2857 550 2976 Ergopriortempli
567 2859 675 2934 facies
692 2861 911 2951 eommunis,
938 2883 957 2932 a
957 2875 1072 2960 eprta,

90 2959 265 3038 Declarat
274 2959 380 3034 ntum
399 2961 524 3055 populi
541 2956 604 3032 sub
625 2960 705 3055 lege
718 2961 905 3050 morantis,

90 3059 134 3138 ln
150 3059 252 3152 eujus
268 3058 427 3134 tenebris
445 3057 662 3154 septemplex
679 3055 839 3151 spiritus,
865 3079 958 3131 unus

90 3257 178 3338 Hoc
194 3257 444 3336 candelabrum
458 3277 550 3333 veru
671 3277 797 3350 vaeque
812 3257 999 3338 lucerne..

88 3357 159 3436 Per
174 3361 287 3456 legem
304 3357 453 3432 &vates
467 3359 653 3453 perlue
672 3357 784 3430 corde
800 3355 961 3442 sabania,

88 3459 204 3554 tuque
218 3473 344 3553 typum
360 3471 464 3532 terre
479 3455 569 3532 faeta
587 3479 647 3532 ara
663 3457 814 3532 traditur
831 3451 922 3546 elle,

89 3555 164 3634 Hic
182 3579 303 3653 operae
321 3557 465 3652 populi
491 3577 576 3650 quas
592 3579 668 3631 non
682 3556 755 3634 sane
768 3555 934 3653 sanguine
948 3551 1145 3654 semper
1214 3580 1216 3596 ’

90 3656 257 3752 Obtulit,
273 3655 408 3750 effuso
435 3655 741 3753 vitamsrnelege,
764 3673 898 3732 maore

89 3755 133 3838 ln
150 3711 278 3863 pantio
296 3755 415 3857 pun
427 3759 629 3856 computat
643 3755 809 3836 omnibus
819 3757 935 3850 elima

89 3155 403 3238 Lucumonem
418 3157 809 3433 Γειιριιῇεξιιιιιιιιε
824 3159 980 3252 tegebat.

986 3853 1150 3938 istic·
