2638 4342
78 243 84 254 ’
122 332 127 347 ,
162 253 238 348 674³
301 253 351 351 Q.
376 247 508 326 Sene.
535 245 675 328 licon.
700 247 1069 332 Turonium
1090 252 1160 336 &c
1311 243 1314 250 ’

131 428 275 591 iii}
294 405 734 606 iiiiiiffiniii
750 411 1233 618 ‚iiiiiniiniiii
1312 483 1314 492 ¹

126 661 130 670 ,
162 615 274 692 deam
303 613 498 712 regnavit,
534 631 640 706 quoni
665 595 807 688 Christo
839 611 917 688 filio
944 615 1037 709 Dei,
1074 621 1135 711 qui
1168 633 1233 696 to·

161 723 239 790 cuin
266 711 339 811 jam
370 713 500 786 orbem
534 711 713 810 evangelii
755 712 806 788 sui
844 713 950 790 radiis
989 717 1232 800 inluminavit.

161 811 401 906 Denique&
433 811 587 888 thronus
622 815 660 886 in
692 833 809 888 aevum
840 815 950 912 magis
981 813 1123 892 Christo
1156 817 1232 898 Dei

148 911 242 990 -filio
266 911 469 1008 competit,
501 928 608 1006 quom
632 911 840 1010 Salomoni,
861 917 1068 1008 'tenporali
1093 916 1232 995 scilicet

29 1079 33 1092 .
160 1016 259 1112 regi,
285 1017 346 1106 qui
371 1011 450 1088 solo
476 1009 595 1086 Israeli
619 1015 798 1110 regnavit.
850 1009 1025 1089 Christum
1049 1017 1143 1092 enim
1161 1019 1231 1094 ho·

160 1113 220 1188 die
244 1114 423 1188 invocant
446 1111 642 1205 nationes,
680 1097 858 1204 quae¹eum
883 1135 959 1188 non
985 1105 1164 1212 sciebant,
1193 1120 1232 1194 ot

101 1222 106 1240 '
159 1213 289 1331 populi
314 1213 424 1288 hodie
449 1211 494 1286 cd
520 1209 697 1286 christun
723 1211 962 1312 confugiunt,
994 1235 1100 1306 quern
1123 1231 1231 1294 retro

33 1359 38 1374 ·
159 1309 386 1414 ignorabant.
436 1307 527 1386 Non
546 1323 657 1406 potes
676 1311 836 1388 fotinum
857 1314 1099 1412 contendere,
1124 1317 1230 1412 quod

81 1429 86 1436 ·
158 1415 264 1490 vides
295 1411 384 1489 fieri.
447 1409 536 1486 Haec
567 1425 632 1485 aut
661 1401 878 1506 prophetata
901 1433 1018 1511 nega,
1053 1437 1136 1490 eum
1162 1439 1229 1492 co·

158 1533 236 1590 rom
268 1513 461 1606 videntur,
494 1523 557 1584 aut
586 1512 802 1608 ndimpleta,
834 1533 917 1586 curn
941 1515 1127 1610 leguntur:
1162 1533 1232 1594 nuc

158 1613 186 1690 ii
212 1635 287 1696 non
312 1631 419 1710 negas
444 1623 659 1708 utrumque,
684 1613 724 1689 in
746 1633 795 1713 eo
819 1627 928 1690 erunt
952 1613 1166 1718 adimplete,
1186 1617 1230 1700 in

158 1731 268 1810 quem
288 1713 369 1792 sunt
392 1709 621 1819 prophetata.
658 1734 662 1746 ¹
