2540 4334
180 173 251 238 tra
325 152 1093 278 Q.,sarr.reon.tnnrma1sm

179 341 264 400 cere
284 321 541 418 prohibemut3
578 335 749 414 quantum
774 323 1003 400 tenebrarum
1027 319 1242 402 circumfusa

177 423 267 500 ¹dere
289 423 482 515 debemus,
509 444 589 495 cum
615 435 749 494 tantam
773 423 994 496 oblationem
1013 419 1097 500 Deo
1119 421 1242 498 offeri·
1260 413 1261 494 l

180 541 282 616 mus,
307 521 411 616 ipsrus
434 521 598 616 corporis
615 522 650 594 dt
667 521 771 614 iplius
789 519 917 614 spritus
933 523 1068 616 nostri,
1096 546 1178 597 cum
1193 525 1241 600 illi

76 644 78 652 ’
178 617 289 720 ipsam
311 635 472 696 naturam
495 619 769 718 consecramus?
795 619 895 719 Ergo
914 619 1012 715 quod
1029 644 1105 698 non
1121 623 1242 718 potest

179 723 297 798 videri
320 736 469 814 propter
489 721 609 796 Deum
628 717 735 814 fieri,
771 723 854 813 quia
875 723 922 796 src
946 717 1024 796 ficri
1042 721 1144 796 Deus
1167 745 1241 798 nou

178 825 282 898 vult:
302 814 483 914 sequitur,
502 837 543 894 ut
555 820 739 894 hominum
753 823 865 916 gratia
879 817 958 896 fiat:
982 821 1108 914 utique
1121 825 1240 916 primu
1260 823 1261 858 ³

181 921 369 1014 illicitum,
401 935 443 992 ut
462 920 583 1016 gloriae
605 917 840 996 libidinosum.
903 919 1030 994 Gloria
1052 919 1150 996 eninr
1180 925 1242 998 illi·

182 1024 292 1098 citum
311 1019 359 1096 est
375 1021 448 1114 eis,
474 1035 626 1111 qttorum
642 1017 812 1112 probatio
828 1021 865 1094 in
881 1023 979 1094 omni
992 1023 1241 1100 humiliatione

181 1122 348 1216 constat,
386 1119 465 1192 &fi
485 1141 505 1192 a
530 1118 613 1192 Deo
639 1118 827 1192 confertur
853 1121 1085 1196 continentia
1108 1122 1241 1220 sumu,

177 1227 257 1324 qaid
266 1225 430 1308 gloriaris,
450 1219 532 1316 quufi
541 1215 784 1314 aristarceperrs?
808 1217 843 1292 Si
856 1240 946 1294 vero
965 1242 1040 1296 non
1058 1223 1240 1320 accepiffi,

181 1322 267 1418 quid
279 1317 509 1412 ltabes,quod
524 1316 644 1392 dattun
662 1319 724 1392 tibi
738 1341 814 1392 non
831 1319 909 1392 esti
928 1319 1012 1394 Hoc
1025 1315 1102 1414 ipso
1121 1341 1240 1398 autem

152 1491 161 1502 ,
181 1421 322 1496 constat
340 1443 360 1493 a
377 1419 463 1493 Deo
483 1419 603 1492 datum
623 1417 687 1492 tibi
710 1439 784 1491 non
806 1417 895 1514 else,
922 1421 1020 1512 quod
1041 1422 1143 1496 illum
1167 1445 1240 1498 nun
1260 1487 1261 1516 .

178 1517 244 1604 soli
264 1519 349 1596 Deo
370 1517 520 1613 praestat.
588 1515 782 1592 Videamus
806 1539 895 1616 ergo
923 1520 1023 1612 quod
1044 1519 1239 1600 humarum
1260 1557 1261 1564 ι

180 1621 253 1718 est,
280 1643 325 1694 an
346 1613 485 1696 firmum
505 1615 689 1694 &verum

256 1741 312 1814 14.
338 1719 517 1794 Referunt
546 1718 735 1810 aliquando
769 1715 898 1794 anum
925 1719 1128 1813 aquodam
1163 1746 1239 1802 cum

101 1858 102 1871 ι
176 1812 332 1920 orimum
349 1818 492 1912 qtraestio
510 1817 574 1890 ista
590 1831 728 1890 tentata
744 1817 814 1911 est,
842 1821 1077 1911 &quomodo
1096 1843 1241 1900 caeteras

177 1919 445 1998 sollicitabimus
463 1915 505 1989 ad
520 1915 721 2008 hujusmodi
736 1915 855 2012 opus?
882 1917 1016 1993 scilicet
1031 1918 1161 2000 felices
1176 1949 1240 2001 ΠΟ,

176 2023 337 2114 facient,
369 2018 395 2092 fi
418 2018 537 2111 plures
563 2031 688 2110 erunt,
715 2015 846 2090 &non
865 2017 936 2093 Dei
957 2021 1069 2117 gratia
1090 2027 1156 2098 vel
1174 2021 1261 2114 nis-l

136 2123 139 2130 '
177 2123 248 2196 sita
271 2121 428 2214 ejusque.
479 2115 648 2212 Virgines
670 2117 874 2210 ecclesium,
902 2139 944 2192 an
967 2119 1116 2195 ecclesia
1134 2127 1242 2224 virgi·

176 2241 242 2297 tres
267 2233 374 2294 ornat
391 2217 498 2309 Deo,
525 2217 598 2290 five
623 2216 875 2290 commendati
909 2214 1096 2294 Consess'us
1115 2223 1172 2298 est
1189 2225 1241 2322 igi.

42 2317 45 2335 ⁴
173 2333 237 2396 xtur
260 2319 407 2415 gloriam
430 2309 499 2390 else
522 2315 557 2388 in
579 2313 703 2390 caussa.
729 2379 731 2386 ,
766 2315 883 2390 Porro
907 2319 968 2392 ubi
998 2319 1136 2417 gloria,
1173 2325 1241 2400 illic

175 2419 397 2500 sollicitatio.
467 2413 541 2488 Ubi
573 2415 803 2508 sollicitatio,
841 2417 915 2490 illic
946 2421 1101 2500 coattio.
1170 2423 1242 2499 Ubi

133 2529 140 2548 ‘
177 2521 343 2613 coactio,
369 2517 449 2593 ,illic
467 2515 659 2594 neceffitas.
715 2515 787 2590 Ubi
814 2516 1016 2602 necessitas.
1048 2521 1126 2596 illic
1143 2523 1242 2600 infit·

174 2623 293 2702 mitas.
342 2617 482 2692 Merito
496 2617 615 2708 itaque
631 2615 713 2690 dum
731 2630 838 2709 caput
852 2639 926 2692 non
945 2634 1093 2716 tegunt,
1117 2639 1166 2696 ut
1180 2621 1242 2700 sol

174 2721 362 2800 licitentur
382 2717 503 2814 gloriae
522 2711 657 2808 causta,
683 2733 830 2790 ventres
849 2730 972 2814 tegere
989 2727 1181 2816 coguntur
1198 2727 1241 2800 in·

175 2817 354 2900 firmitatis
369 2819 481 2891 ruina.
533 2813 741 2890 Aemulatio
760 2818 1002 2898 enimillarum
1015 2843 1089 2894 non
1110 2825 1241 2923 religio

175 2920 360 3022 producit.
417 2915 685 3008 Aliquando&
708 2911 780 3008 ipse
800 2917 898 2992 Deus
932 2933 1062 2994 venter
1090 2941 1241 3018 aarum

143 3073 147 3092 .
175 3023 260 3118 quia
274 3019 379 3094 facile
398 3017 555 3114 virgines
571 3017 773 3090 fraternitas
790 3011 939 3112 suscipit.
989 3015 1073 3094 Nec
1096 3025 1242 3102 tantum

171 3131 296 3198 'autern
319 3133 450 3212 ruunt,
483 3111 594 3190 sed&
619 3115 741 3190 funem
767 3117 914 3212 longum
940 3117 1159 3197 delictorum
1183 3123 1242 3200 ubi

175 3223 373 3298 attrahunt.
425 3217 576 3290 Prolatae
599 3219 692 3289 enim
715 3217 751 3288 in
774 3218 952 3311 medium,
990 3219 1023 3292 te
1045 3220 1242 3316 publicato

174 3321 280 3400 bono
300 3315 364 3392 suo
386 3320 505 3407 elata,
520 3317 584 3390 dte
602 3313 769 3388 fratribus
785 3317 883 3390 omni
903 3319 1044 3392 honore
1066 3319 1101 3396 dt
1127 3321 1243 3400 chari·

174 3435 254 3500 tate
274 3421 307 3494 dc
328 3419 542 3513 operatione
563 3417 769 3508 cumulatae,
803 3415 885 3490 dum
909 3439 983 3492 non
1005 3417 1149 3516 latent,
1182 3421 1243 3500 ubi

174 3521 261 3616 quid
300 3517 476 3593 admillitm
516 3513 594 3609 est,
632 3529 771 3588 tantum
806 3513 993 3591 dedecoris
1028 3523 1251 3618 cogitanta.

175 3635 346 3718 quantum
367 3617 516 3694 honoris
532 3618 743 3692 babuerunt.
796 3614 830 3690 Si
849 3617 1018 3692 intectum
1035 3635 1153 3714 caput
1169 3625 1242 3698 vir.

172 3719 312 3822 ginitati
336 3713 562 3808 adscribitur,
594 3707 617 3790 st
639 3737 706 3808 qua
727 3718 832 3812 virgo
857 3713 1030 3792 exciderit
1047 3717 1099 3796 'de
1124 3723 1244 3822 gratia

171 3819 428 3937 uirginitatis.
443 3828 491 3894 ue
515 3817 716 3918 prodatur,
747 3817 883 3895 intedo
902 3833 1089 3921 permanet
1115 3827 1242 3998 Rapite

586 3943 606 3964 a
830 3945 838 3956 .
973 3939 980 3954 .
1093 3945 1118 3998 e
1151 3950 1193 4022 θ’
