2596 4336
103 250 107 259 .
174 221 249 310 4⁶,
309 205 1088 314 psalmistan.retrorsum
1153 291 1158 301 ,

141 463 143 468 ,
176 377 268 456 stum
288 373 554 470 reprehensioni
577 373 796 467 injicientes,
824 373 884 466 qui
902 377 970 450 'aut
985 371 1250 448 minusinstrn·

176 477 285 568 etos,
319 489 381 548 ant
399 489 522 566 parum
543 473 715 566 simplices
739 471 924 566 apostolos
945 469 1088 549 miserit.
1147 477 1248 573 Quis

176 577 271 650 enirn
295 577 442 670 integrae
464 575 621 666 mentis,
659 573 804 646 credere
833 569 980 667 potest,
1013 573 1145 666 aliquid
1177 595 1248 650 eos

92 703 94 706 ·
175 673 370 773 ignorasse,
393 693 484 763 quos
499 673 681 770 magistros
697 673 860 746 dominus
879 669 1002 766 dediti
1027 672 1247 747 individuos

175 777 320 850 habitos
336 774 373 848 in
391 773 587 866 comitatu,
603 774 640 844 in
657 770 886 866 discipulatu,
902 773 939 844 in
956 771 1150 866 convistu,
1168 775 1247 868 qui·

39 923 43 936 ι
175 877 244 952 bus
263 872 413 948 obscura
434 891 581 964 quaeque
604 868 760 964 seorsum
781 869 987 964 differebat,
1021 873 1088 946 illis
1115 875 1245 950 dicens

176 975 300 1051 datum
323 971 392 1046 effe
416 972 636 1066 cognoscere
660 967 815 1062 arcana,
849 991 927 1061 quar
950 975 1089 1066 populo
1110 975 1249 1046 intelli·

21 1121 22 1124 a
174 1095 262 1172 gere
281 1094 358 1146 non
380 1071 531 1146 liceret?
565 1071 689 1144 thuit
706 1069 1001 1165 aliquidPetrum
1024 1069 1246 1148 adificande

177 1171 333 1250 ecclesrae
347 1191 471 1268 perram
488 1169 640 1265 dictum,
670 1173 772 1242 claues
794 1177 883 1265 regni
903 1175 1043 1242 celorum
1067 1172 1245 1266 consecu-

131 1319 136 1328 -
176 1287 274 1364 tum,
302 1271 490 1358 &solvendi
511 1273 549 1347 U
569 1273 718 1366 alligandi
737 1273 775 1346 in
792 1271 890 1344 coelis
912 1271 996 1346 &in
1014 1274 1118 1346 terris
1134 1287 1245 1367 pote·

174 1369 328 1450 statem?
365 1371 490 1446 Latuit
510 1371 547 1444 dt
565 1371 767 1466 Johannern
795 1371 952 1464 aliquid,
989 1371 1244 1454 dilectissimum

174 1473 349 1566 domino,
376 1469 511 1564 pectori
532 1473 608 1564 eius
626 1473 875 1564 incubantem,
903 1472 960 1542 cui
983 1471 1046 1545 soli
1069 1473 1240 1550 dominns

175 1573 302 1668 Judam
320 1573 530 1646 traditorem
545 1571 854 1664 premonstravit,
880 1591 984 1664 quem
1008 1575 1104 1646 loco·
1116 1571 1182 1648 suo
1200 1571 1242 1648 fi-

49 1697 56 1708 *
175 1673 261 1748 lium
282 1671 408 1753 -blarire
425 1670 678 1746 demandavit?
713 1671 811 1766 Quid
830 1691 896 1743 eos
912 1671 1086 1766 ignorasse
1100 1675 1242 1768 voluit,

142 1819 151 1840 2
177 1774 305 1870 quibus
328 1775 434 1846 etiam
453 1773 603 1866 gloriam
623 1769 716 1844 suam
734 1771 916 1862 exhibuit,
944 1769 978 1844 dr
997 1769 1179 1866 Moysen,
1205 1773 1242 1848 tr

90 1957 97 1967 ,
176 1871 338 1965 Heliam,
358 1869 547 1962 &insuper
559 1870 606 1944 de
620 1871 713 1944 coelo
729 1872 838 1966 patris
853 1869 1013 1944 vocent
1040 1869 1129 1944 Non
1144 1871 1241 1965 quafi

175 1988 322 2046 ceteros
347 1972 570 2062 reprobans,
605 1967 665 2044 sed
691 1971 860 2062 quoniam
889 1969 927 2043 in
951 1971 1063 2044 tribus
1087 1971 1239 2048 testibus

174 2071 280 2150 stabit
305 2091 414 2144 omne
442 2071 605 2144 verbum.
671 2069 1079 2165 ignoravernnuitaque
1107 2071 1142 2143 dr
1165 2073 1238 2168 illi,

176 2171 303 2262 quibus
328 2167 409 2262 post
430 2165 721 2248 reurreoronem
744 2191 889 2262 quoque
904 2171 942 2244 lu
962 2171 1089 2260 itinere
1109 2171 1238 2264 ornnes

174 2267 364 2362 scripturas
388 2265 575 2344 edisserere
591 2269 753 2366 dignatus
776 2267 837 2344 eu
887 2267 1040 2344 Dixerat
1055 2273 1164 2364 plane
1180 2269 1239 2347 ali·

175 2369 339 2462 quando:
369 2371 482 2441 Multa
504 2370 598 2444 ideo
613 2373 715 2442 adhuc
732 2369 820 2452 arabia
838 2369 940 2466 loqui,
965 2369 1015 2458 sui
1029 2395 1096 2444 nort
1109 2374 1239 2471 patellis

175 2474 263 2550 enode
282 2498 317 2542 aa
331 2471 512 2568 sustinere:
549 2483 670 2546 tamen
692 2469 885 2562 adjiciens:
924 2471 1004 2542 Cum
1028 2477 1160 2544 venerit
1186 2477 1238 2550 ida

169 2574 307 2668 sputus
322 2576 496 2656 velrois,
521 2571 582 2666 lpse
598 2595 655 2640 vos
673 2572 760 2640 ducet
780 2575 817 2638 in
836 2576 922 2640 omni
935 2575 1094 2643 ueritate.-
1118 2572 1238 2654 osten·

177 2672 250 2764 dit,
263 2671 347 2744 illos
361 2670 449 2758 nihil
462 2668 657 2766 ignoralle,
676 2687 769 2762 quos
783 2689 929 2746 omnem
945 2673 1134 2747 veritatem
1149 2695 1238 2748 con·

174 2769 362 2850 secuturos
379 2767 614 2863 perspiritum
629 2769 792 2844 veritatis
803 2771 1064 2862 repromiserat.
1104 2769 1154 2846 Et
1169 2776 1238 2849 uti-

174 2893 246 2964 que
259 2869 425 2963 implevit
441 2867 708 2964 repromissum,
722 2869 958 2963 probantibus
977 2869 1060 2944 asiis
1076 2871 1237 2968 Apollo·

174 2973 294 3048 lorum
310 2967 513 3046 descensum
524 2967 664 3066 spiritus
679 2967 806 3059 sansti3
834 2989 938 3062 quam
952 2967 1160 3066 scripturam
1176 2975 1238 3068 qui

69 3138 72 3146 ,
173 3091 253 3146 non
270 3069 472 3184 recipiunt,
506 3090 576 3144 nec
598 3063 740 3164 spiritus
759 3067 864 3145 sautu
888 3066 958 3144 eise
982 3069 1149 3164 possunt,
1176 3077 1238 3165 qui

95 3217 103 3236 ,
173 3171 346 3248 necdum
367 3167 528 3264 sprrrtum
547 3167 700 3246 suisium
720 3168 851 3262 possint
866 3167 1058 3266 agnoscere
1073 3169 1238 3248 discenti·

173 3271 242 3346 bus
255 3267 411 3348 millum:
429 3269 489 3344 sed
501 3289 570 3345 nec
583 3268 765 3344 ecclesram
777 3267 985 3364 defendere,
999 3273 1059 3363 qui
1075 3273 1242 3371 quando,

61 3411 70 3436 Ι
175 3369 212 3446 dt
224 3369 351 3463 quibus
364 3369 606 3461 incunabulis,
624 3365 968 3444 institutumestboe
983 3389 1136 3466 corpus,
1152 3390 1235 3468 pro·

174 3469 261 3547 bare
281 3491 358 3544 non
376 3469 520 3546 habent
577 3465 690 3544 Tanti
712 3470 807 3544 enim
835 3467 886 3544 est
911 3471 979 3544 illis
1002 3491 1080 3546 non
1102 3471 1235 3550 habere

101 3621 108 3630 -
172 3571 412 3666 probationes
427 3587 555 3644 eorum
571 3589 649 3662 quae
664 3567 882 3649 defendunt:
906 3591 954 3644 ne
964 3571 1098 3664 pariter
1113 3573 1235 3650 admit·

172 3683 296 3744 tantm
314 3667 556 3747 tradusiiones
573 3689 724 3764 eorum,
750 3685 828 3764 que
843 3671 1083 3748 mentiuntur..

176 3856 180 3864 ,
251 3791 307 3862 ²3·
340 3766 557 3862 Proponunt
580 3787 698 3867 ergo,
731 3769 775 3844 ad
797 3767 1046 3868 suggillandam
1067 3772 1233 3869 ignaram

173 3869 261 4012 tiam
276 3868 430 3969 abqnarn
445 3867 729 3972 mosomum:
755 3869 857 3968 quod
870 3869 998 3958 Petrus
1020 3871 1233 4048 &wacena
1275 4001 1277 4016 Ι
