2634 4336
181 176 265 262 m
351 157 400 258 Q
424 151 555 238 scen
579 151 715 238 huon.
740 153 1086 239 Teutonum

258 319 316 396 16.
342 315 583 401 Convertitur
598 319 692 397 enim
712 317 900 414 adprecor
922 317 1255 414 &ipsamorema's
1296 385 1298 404 ,

181 435 305 500 terno.
356 417 427 497 Sed
449 417 630 513 Christus,
653 439 771 513 ¹quem
788 419 860 513 jam
882 421 1028 518 pigebat
1036 431 1148 496 extra
1167 421 1253 503 Ple,

47 539 50 546 ·
152 539 285 598 ⁴roma
304 517 511 614 proficisci,
545 518 718 596 vicuium
732 517 883 614 preficit
898 519 1147 614 Paracletum,
1179 521 1246 596 So·

180 635 332 714 terem,
346 617 440 718 (llic
457 622 527 693 erit
541 617 664 714 Jesus,
689 621 819 716 largito
834 621 866 693 ei
879 635 982 714 patre
998 619 1253 702 universorum

33 735 39 750 ‘
180 719 346 812 ieonum,
380 717 546 796 summam
569 717 785 816 potestatem
809 716 1033 812 subjiciendis
1059 721 1109 794 cis
1133 723 1246 799 omni·

179 824 270 912 bue,
297 823 349 894 uti
373 819 411 894 in
430 817 530 916 ipso,
556 817 749 897 sectandum
772 817 992 914 Apostolum
1014 821 1136 899 omnio
1157 839 1251 896 coo·

77 989 81 998 .
179 921 446 1014 foderentur)
473 921 517 994 ad
544 941 621 994 eam
649 919 782 995 emittit
806 941 888 1000 cunr
913 917 1036 996 officio
1059 935 1166 1014 atque
1181 941 1251 994 co·

178 1023 312 1102 miratu
325 1034 593 1096 coetaneorum
605 1017 850 1118 Angelorum
873 1019 997 1094 credas
1011 1019 1045 1092 δι
1061 1039 1142 1094 eum
1155 1023 1249 1096 nro·

182 1121 300 1216 decim
314 1117 476 1196 fascibus.
512 1115 649 1194 Ibidem
664 1121 825 1198 adventu
839 1121 1049 1214 pompatico
1064 1121 1139 1213 ejus
1157 1141 1251 1196 con·

183 1219 279 1296 cussa
294 1219 523 1314 Achamoth,
554 1221 720 1314 protinus
742 1223 984 1294 velamentum
1001 1220 1062 1294 fibi
1075 1219 1250 1318 obduxit,

47 1392 54 1417 ,
83 1323 86 1333 “
181 1343 238 1401 ex.
254 1317 377 1395 officio
405 1320 522 1416 primo
548 1320 795 1394 venerationis
819 1320 853 1392 δι
877 1319 1117 1398 verecundie.
1168 1319 1253 1398 De·

179 1421 268 1498 hinc
293 1421 559 1513 contemplatur
579 1441 661 1496 eum
680 1417 902 1494 fructiferum
918 1417 1139 1518 suggestam,
1171 1423 1253 1514 qui.

181 1522 250 1598 bus
266 1519 351 1598 inde
365 1533 585 1613 conceperat
597 1519 755 1613 viribus,
775 1521 937 1594 occurrit
948 1521 1018 1616 illi,
1034 1546 1119 1618 cuper
1131 1541 1254 1620 χαιρι.

180 1621 256 1699 Hic
272 1623 408 1714 opinor
424 1617 696 1717 susceptamille
711 1616 915 1714 confirmat,
925 1633 1040 1712 ‚atque
1055 1618 1253 1698 confirmat

180 1721 367 1819 agnitione
382 1721 455 1814 jam
472 1720 563 1795 &ab
579 1721 746 1794 omnibus
761 1720 897 1812 iniuriis
914 1719 1077 1813 pallronis
1089 1723 1254 1815 expumia

152 1833 159 1868 ²
181 1837 262 1913 cat,
289 1839 366 1894 non
384 1819 507 1896 eadem
521 1821 738 1922 negligentia
750 1821 789 1894 in
804 1819 1054 1915 exterminium
1065 1817 1252 1918 discretio,
1291 1859 1293 1866 ,

182 1943 263 2014 quae
279 1919 460 1994 acciderat
472 1921 509 1992 in
525 1921 660 1994 caribus
672 1924 805 1994 matris.
857 1918 927 1992 Sed
942 1916 1036 1994 enim
1050 1923 1254 2003 exercitata

180 2021 296 2108 vitia,
319 2019 359 2094 bt
378 2017 443 2092 usu
465 2017 597 2092 viriosa
619 2017 797 2107 confudit.
847 2015 973 2112 Atque
992 2018 1043 2092 ita
1059 2017 1253 2096 massaliter

181 2118 334 2195 solidata
355 2116 482 2192 defixit
504 2115 659 2196 seorsum
678 2121 715 2193 ln
731 2119 890 2194 materie
906 2120 1134 2214 corporalem
1146 2143 1254 2215 para-

182 2235 322 2312 turam,
349 2233 573 2294 commutans
591 2239 638 2292 ex
651 2219 873 2313 incorporali
888 2218 1043 2312 pollione
1057 2221 1171 2294 indita
1188 2223 1257 2296 ha·-

90 2351 93 2356 ·
181 2321 358 2398 bilitatem
383 2333 491 2410 atque
507 2333 691 2414 naturam,
729 2339 798 2412 qua
812 2317 1108 2413 perveniremox
1129 2319 1258 2415 pollet

182 2423 221 2495 in
240 2421 381 2502 aemnles
400 2420 670 2512 aequiparantias
692 2420 1017 2516 corpulentiarum
1048 2434 1092 2492 ut
1109 2420 1275 2514 deplere

181 2519 453 2596 substantiarum
464 2519 631 2594 conditio
649 2519 895 2607 ordinaretur3
918 2518 965 2592 de
977 2519 1076 2592 vitiis
1088 2519 1262 2618 peffima,

182 2619 229 2694 de
246 2618 489 2694 conversione
509 2617 718 2716 passionalis.
778 2618 867 2693 Haec
885 2617 954 2691 erit
971 2621 1140 2711 materia,
1167 2641 1261 2713 quae

181 2739 254 2796 nos
270 2719 446 2792 commisit
460 2739 541 2792 cum
552 2719 805 2816 Hermogene,
822 2718 1038 2812 ceterisque,
1057 2719 1262 2814 quinem

182 2839 230 2994 fx
253 2818 424 2914 materia,
455 2839 534 2894 non
560 2839 606 2892 ex
628 2817 766 2913 nihilo,
794 2833 985 2912 operatum
1005 2818 1135 2894 consta
1157 2841 1264 2914 prae.

200 2931 335 2994 umunt.
741 2941 743 2946 '
1157 2955 1163 2960 ·

264 3039 320 3109 17.
347 3015 492 3090 Abhinc
507 3015 735 3109 Achamoth,
761 3015 929 3109 expedita
946 3017 1091 3092 tandem
1109 3015 1155 3090 de
1177 3039 1267 3096 ma·

122 3205 131 3215 ⁸
183 3119 228 3192 lis
249 3117 442 3207 omnibus,
476 3137 565 3190 ecee
583 3117 654 3210 jam
669 3111 841 3212 proficit,
868 3115 958 3188 &in
976 3137 1089 3210 opera
1107 3117 1263 3210 majora

182 3213 363 3388 suffescit.
415 3215 490 3288 Prae
505 3217 636 3312 gaudio
658 3217 752 3290 enim
774 3215 865 3290 tanti
879 3237 925 3290 ex
943 3216 1156 3290 infelicitate
1175 3215 1270 3293 sue·

72 3391 74 3398 ,
184 3339 227 3389 ce
257 3337 296 3387 us
314 3315 575 3407 concalefatla,
594 3314 765 3410 simulque
780 3316 1089 3410 contemplatione
1100 3315 1179 3410 ipsa
1195 3339 1271 3396 an.

182 3417 382 3512 gelicorum
400 3403 592 3507 luminum,
607 3428 661 3486 ut
682 3413 734 3486 it'a
753 3414 927 3508 dixerim,
953 3411 1269 3517 subfermentata,

183 3511 337 3608 (pudet,
365 3511 424 3586 sed
443 3515 544 3588 aliter
557 3516 757 3606 exprhnere
771 3534 848 3588 non
869 3513 956 3611 est)
975 3515 1270 3608 quodaminodo

180 3613 351 3690 substruit
375 3615 469 3687 intra
492 3613 525 3686 br
547 3611 643 3706 ipsa,
674 3617 712 3688 in
733 3614 840 3708 illos,
873 3613 1111 3708 &conceptu
1129 3615 1271 3696 statim

181 3713 353 3786 intumuit
378 3711 547 3804 spirituali
569 3715 611 3786 nd
633 3713 820 3810 imaginem
843 3709 972 3806 ipsam,
1005 3717 1170 3810 quamuis
1198 3721 1274 3792 lae-

182 3813 295 3886 tantis
320 3811 494 3886 &letina
514 3813 710 3908 prurientia
730 3813 943 3890 intentionis
966 3811 1212 4005 irnlnihorag131
1226 3821 1274 3897 do
