2586 4334
171 213 248 318 'isc
322 215 1093 324 Q.Srrr.F·uon.Trnrutt1artt
1161 189 1165 200 ¹

166 383 257 459 duim
280 399 461 482 arreptum
485 339 719 481 qiudduducrd
741 361 1011 478 incorruptelam,
1043 379 1084 460 si
1106 379 1238 454 mortale

169 480 250 584 istud
264 485 393 557 induere
410 486 699 571 immortalitatem,
731 484 806 558 hoc
824 485 893 556 erit
911 481 998 556 illud
1017 479 1238 557 domicilium
1281 475 1286 487 '

165 583 217 657 tle
233 582 348 678 coelo,
380 583 478 676 quod
502 595 686 681 gementes
707 583 745 656 in
768 581 835 656 hac
856 597 962 655 carne
984 575 1239 676 superinduere

166 681 430 778 desideramus,
454 685 579 776 utique
605 681 708 777 super
729 699 871 756 carnem
891 682 929 754 in
955 702 1024 774 qua
1041 679 1239 778 depreben-

166 780 320 876 demur,
348 784 429 875 quia
451 783 591 879 gravari
615 803 685 856 nos
709 783 780 874 ait,
814 783 873 872 qui
889 779 992 858 umus
1011 781 1050 854 in
1073 783 1237 856 taberna·
1278 829 1282 839 ·

167 883 279 974 culo,
307 881 405 973 quod
417 881 571 956 nolimus
587 884 692 974 exui,
719 879 778 954 sed
792 881 915 974 potius
934 879 1159 974 superindui,
1179 879 1238 956 uti

125 979 130 988 '
168 981 373 1054 devoretur
392 983 544 1055 mortale
569 981 712 1055 avita:
747 978 882 1054 scilicet
907 980 991 1054 dunt
1016 980 1236 1075 demutatur,

167 1079 459 1174 superinduendo
482 1079 587 1173 quod
603 1079 655 1154 est
673 1081 719 1155 de
745 1079 852 1154 coelis.
918 1081 1010 1179 Quis
1035 1081 1128 1153 enim
1156 1099 1237 1154 non

167 1179 382 1254 desiderabit
403 1181 538 1254 durnin
561 1201 667 1254 carne
687 1179 739 1254 est
760 1177 1011 1273 superinduere
1027 1179 1238 1252 immortali-

167 1291 310 1372 tatem,
346 1279 381 1352 u
406 1279 619 1354 continuare
647 1283 760 1354 vitam
785 1277 1002 1354 lucrifadtam
1026 1293 1146 1352 morte
1169 1297 1237 1372 per

169 1379 342 1453 vicariam
364 1379 670 1472 demutationem,
702 1401 750 1454 ne
770 1379 906 1452 inferos
923 1379 1149 1476 experiatur,
1177 1399 1238 1454 uu·

167 1499 243 1572 que
258 1479 482 1554 novissimum
500 1477 731 1571 quadrantem
746 1476 959 1553 exacturos?
994 1477 1162 1551 Ceterum
1177 1478 1241 1553 de·

167 1579 408 1652 mutationem
435 1579 541 1652 etiam
551 1577 643 1675 post
665 1575 959 1652 resurrectionem
975 1575 1237 1652 consecuturua

75 1725 80 1734 -
167 1677 243 1770 'est,
270 1673 407 1752 inferos
427 1679 499 1772 jam
525 1689 706 1772 expertus.
757 1676 904 1751 Abhinc
929 1679 1022 1752 enirn
1045 1666 1237 1752 definimus

169 1791 316 1852 carnem
330 1778 427 1850 omni
444 1778 556 1852 modo
573 1777 715 1870 quidem
728 1775 1019 1869 resurretionem,
1047 1791 1154 1868 atque
1173 1779 1237 1852 ilia
1291 1855 1292 1862 Ν

168 1895 219 1950 ‘err
239 1878 485 1951 demutatione
506 1875 765 1970 superventura
781 1878 942 1952 habitum
962 1875 1159 1974 angelicum
1181 1876 1238 1950 su·
1291 1883 1292 1890 ’

164 1975 381 2071 scepturum.
430 1978 507 2048 Aut
530 1975 554 2050 fi
580 1976 617 2048 in
639 1975 693 2050 hia
717 1973 829 2070 solis,
852 1977 912 2068 qui
939 1977 1170 2050 invenientur
1193 1977 1237 2053 in
1291 1987 1292 1996 ‘

165 2089 299 2167 carne,
328 2075 501 2148 demutari
526 2095 603 2150 eam
628 2076 835 2170 oportebit,
861 2089 903 2147 ut
920 2075 1120 2150 devoratru
1137 2095 1237 2150 mor·
1274 2078 1281 2139 ἐ

169 2176 244 2248 tale
264 2196 285 2248 a
305 2175 405 2264 vita,
431 2172 538 2248 idest
560 2195 646 2248 caro
669 2175 713 2248 ab
737 2177 800 2248 illo
824 2173 1140 2270 superindumento
1165 2197 1238 2249 coe·
1290 2189 1291 2242 ῑ

168 2271 272 2369 leiti,
298 2287 452 2347 eterno:
477 2269 575 2371 Ergo
594 2274 655 2366 qui
670 2278 804 2348 mortui
819 2273 1152 2368 deprehendentur,
1179 2277 1238 2350 vi·

167 2385 244 2448 tam
266 2387 343 2448 non
367 2371 656 2468 consequentur,
689 2375 822 2468 privati
840 2375 912 2468 jain
935 2377 1106 2468 materia,
1133 2373 1168 2447 dt
1192 2389 1237 2450 ut
1289 2447 1290 2468 ,

168 2473 225 2547 ita
247 2474 395 2548 dixerim
417 2471 494 2547 esca
517 2475 602 2548 vire
626 2474 663 2548 id
684 2473 735 2547 est
754 2495 872 2548 carne.
924 2469 1001 2548 Aut
1025 2473 1166 2548 necesse
1182 2475 1238 2552 est
1289 2477 1290 2486 ‘

168 2574 346 2665 recipiant
368 2595 445 2646 eam
467 2572 501 2646 dc
520 2573 591 2668 illi,
617 2587 660 2646 ut
681 2572 767 2646 &in
789 2573 867 2667 ipsis
888 2575 1043 2648 mortale
1062 2573 1237 2652 devorari
1288 2555 1290 2592 ¹

167 2671 604 2768 poffitavita,s1vitarn
618 2671 698 2746 sunt
714 2673 952 2748 consecuturi.
999 2673 1070 2750 Sed
1086 2677 1123 2748 in
1137 2695 1239 2750 mor·
1288 2673 1290 2762 ξ

99 2851 102 2856 ,
168 2771 263 2862 tuis,
286 2771 423 2865 inquis,
438 2771 510 2865 jam
523 2771 737 2848 devoratum
752 2773 821 2846 erit
833 2773 986 2848 mortale
1000 2771 1103 2848 istud.
1140 2772 1238 2850 Non
1288 2763 1289 2800 ³

165 2871 294 2963 utique
310 2873 346 2943 in
361 2872 542 2947 omnibus.
595 2875 762 2966 Quantos
786 2873 880 2946 enim
892 2874 1016 2946 licebit
1031 2874 1090 2945 vel
1103 2873 1240 2966 pridia-

168 2971 427 3064 nosinveniri,
454 2985 527 3045 tam
541 2971 699 3046 recentia
713 2971 909 3067 cadavera,
934 2985 977 3046 ut
988 2973 1074 3046 nibil
1089 2974 1157 3047 iliis
1173 2975 1239 3050 de·
1287 2963 1289 2998 ¹

167 3085 341 3144 voratum
358 3072 474 3144 videri
491 3069 606 3163 poffit.
657 3067 794 3162 Utique
810 3073 903 3176 epim
923 3071 1137 3146 devoratum
1154 3093 1241 3150 non
1285 3085 1288 3162 j

120 3189 125 3218 ¹
167 3169 264 3244 a'iiud
287 3169 484 3260 existimas,
511 3193 615 3262 quam
631 3170 892 3263 interceptum,
919 3191 1023 3263 quarn
1040 3173 1239 3272 abolitum,
1277 3188 1288 3264 -ζ

170 3291 274 3362 quam
289 3269 386 3342 omni
401 3265 498 3342 sensu
516 3283 696 3363 ereptum:
718 3271 818 3362 quod
831 3284 1041 3366 comparere
1056 3275 1156 3365 omni
1173 3297 1241 3371 ge.
1286 3287 1288 3359 j

33 3377 36 3384 “
165 3387 255 3442 nere
272 3366 476 3442 cessaverit:
500 3389 568 3442 nec
582 3371 763 3468 gigantum
784 3385 904 3448 autern
924 3371 1153 3466 antiquissima
1176 3397 1239 3450 ca·
1284 3359 1287 3401 ³

168 3469 301 3541 davert
320 3467 496 3540 devorata
513 3469 712 3560 constabit,
741 3489 894 3560 quorum
910 3487 1026 3546 crates
1042 3471 1159 3564 adbuc
1175 3475 1241 3549 vi·
1285 3481 1287 3576 ,

167 3579 271 3641 vunt.
299 3567 463 3642 Diximus
476 3569 548 3660 jarn
562 3569 605 3642 de
620 3567 688 3642 isto
700 3569 793 3644 alibi.
819 3569 1239 3663 Seddtproximeinista
1284 3585 1287 3665 ζ

169 3667 320 3740 civitate
331 3689 411 3740 cum
424 3666 519 3741 Odei
536 3669 767 3744 fundamenta
785 3683 1020 3746 totueterutn
1034 3669 1239 3764 sepultura·
1285 3687 1286 3694 ’

162 3765 433 3862 rum,sacrilega
456 3770 755 3842 conlocarentur:
782 3771 1061 3864 quingentorum
1075 3771 1154 3844 iere
1171 3795 1239 3850 an·

161 3884 296 3940 norum
312 3863 385 3940 ossa
406 3865 521 3974 adhuc
543 3863 705 3963 succida,
734 3869 932 3964 &capitor
951 3872 1093 3945 olentes
1110 3893 1240 3974 popu·
1279 3930 1285 3951 .

24 4032 75 4048 ..
568 4053 571 4063 ,
1072 4043 1084 4062 χ
1123 3973 1181 4044 lus
1266 3967 1285 4062 ,i

1097 4220 1285 4283 ''r
