2586 4334
135 136 232 250 55²¹
297 155 346 252 Q.
371 149 502 230 Surr.
532 149 671 230 Fron.
702 134 1048 233 anoutrartr

136 304 260 415 gypti,
287 315 552 408 &Babylonis,
573 313 610 388 u
621 313 803 410 Idmnaee,
821 313 856 389 dt
871 311 1202 412 Carthaginenliuru

135 417 307 493 navium:
338 429 379 488 ut
405 435 485 488 curn
509 413 615 508 ipsius
636 411 772 490 Istaelis
794 417 942 510 plagas,
976 429 1038 486 aut
1055 415 1201 506 venias,

137 515 396 610 captivitates,
430 512 707 610 restitutiones,
743 515 948 608 ultimaeque
976 511 1203 608 disperfionia

137 617 276 690 exitum
301 623 484 708 perorant
544 617 635 714 Quis
665 617 740 690 haec
765 615 1060 708 interpretabitur
1089 611 1202 708 magis

136 736 245 806 quam
257 711 520 810 recognoscet?
546 735 603 788 res
616 717 653 789 in
665 715 794 788 litteris
808 727 997 804 tenentur,
1015 725 1057 784 ut
1068 713 1203 785 litterae

88 827 93 840 ’
135 815 177 890 in
194 817 299 886 rebus
315 817 495 909 leguntur.
543 813 599 888 lta
615 837 691 888 non
712 811 866 908 semper,
892 811 1014 906 necin
1033 811 1201 885 omnibus

137 915 332 1010 allegorica
355 915 471 986 forma
494 913 545 989 est
566 913 770 1012 prophetici
793 914 940 1008 eloquii.
997 909 1069 986 Sed
1092 911 1204 984 inter·

138 1011 329 1088 domuin
342 1013 563 1106 quibusdam.
923 1011 928 1028 ⁴
1104 1041 1107 1049 ’

218 1185 275 1238 ar.
300 1163 337 1236 Si
354 1183 443 1258 ergo
458 1163 637 1240 interdum
651 1163 685 1236 u
699 1160 736 1238 in
753 1163 962 1256 quibusdam
979 1162 1118 1255 motus,
1136 1179 1205 1238 cur

111 1253 270 1340 ‘nono
294 1265 331 1336 in
357 1262 474 1336 edido
499 1263 767 1338 resurresdoriis
787 1263 988 1357 spiritaliter
1005 1261 1206 1356 intelligen·
1281 1327 1283 1330 .

26 1451 30 1458 ¹
84 1402 88 1426 ·
141 1361 225 1460 dos
242 1363 411 1453 quoniam
426 1363 566 1452 quidem
582 1367 731 1458 piurima
744 1366 838 1436 ratio
853 1361 1057 1440 intercedit
1080 1359 1224 1434 Primo.

141 1462 239 1536 enirn
265 1463 350 1553 quid
376 1459 510 1547 facient
531 1477 591 1536 tot
621 1465 687 1538 alia
714 1461 945 1538 instrumenta
968 1461 1120 1554 divina,
1154 1461 1209 1534 ita

141 1575 270 1655 aperte
293 1563 519 1652 corporalem
546 1561 782 1654 contestantia
807 1559 1127 1652 resurrectionem,
1162 1569 1208 1632 ut

111 1690 113 1698 ’
141 1663 276 1736 nullam
304 1661 494 1734 admittant
519 1653 679 1763 figurate
702 1659 937 1754 significantiae
959 1659 1207 1752 suspicionem.

141 1754 195 1836 Et
216 1762 341 1851 utique
359 1780 497 1850 equum
516 1761 577 1854 stt,
604 1763 701 1854 qnod
720 1761 755 1834 dr
776 1760 878 1855 supra
899 1749 1207 1851 demandavimus,

142 1863 282 1938 incerta
307 1859 353 1932 de
374 1861 505 1952 certis,
538 1861 573 1934 dr
594 1859 744 1934 obscura
761 1861 807 1934 de
827 1859 1018 1936 manifestis
1045 1857 1207 1952 praeiudi-

144 1960 245 2035 carit.
276 1960 335 2030 vel
359 1979 406 2030 ne
426 1960 521 2033 inter
544 1961 753 2034 discordiam
781 1977 964 2034 certorum
990 1959 1022 2032 u
1050 1961 1210 2031 incerto-

143 2059 249 2147 rum,
285 2055 553 2135 manifestorum
578 2061 612 2134 δι
636 2059 871 2134 obseumrum
896 2057 985 2134 fides
1013 2057 1208 2151 ‹lillipetur‚
1280 2145 1283 2154 1

143 2159 281 2230 veritae
297 2155 522 2252 periclitetur
534 2213 554 2249 ,,
579 2157 651 2251 ipsa
667 2160 838 2232 divinitae
857 2176 899 2232 ut
919 2154 1124 2254 inconstans
1147 2159 1212 2232 de-

77 2335 80 2342 ,
104 2320 131 2368 ,Q
145 2271 322 2334 notetur:
353 2253 461 2328 Tunc
486 2260 582 2348 quod
605 2260 793 2333 verisimile
811 2281 888 2332 non
912 2257 984 2351 est,
1010 2273 1052 2330 ut
1071 2277 1114 2330 ea
1135 2253 1211 2352 spe·

50 2423 51 2426 ι
146 2357 221 2434 cies
234 2355 473 2448 sacramenti5
497 2357 534 2430 in
556 2379 659 2450 quam
681 2356 769 2432 fides
789 2373 869 2433 tota
890 2359 1145 2447 committitur,
1171 2359 1212 2433 iu

144 2477 255 2552 quam
269 2455 448 2548 disciplina
462 2469 543 2528 tota
556 2460 778 2552 connititur,
803 2461 963 2553 ambigue
979 2459 1211 2552 annunciata,

148 2557 187 2632 tr
208 2553 359 2630 obscure
379 2557 563 2648 proposita
584 2558 768 2632 videatur:
796 2559 938 2651 quando
963 2557 1038 2650 spes
1056 2555 1213 2632 resurre-

149 2651 279 2730 db'oois
304 2652 367 2726 nisr
388 2655 569 2730 manifesta
589 2658 634 2730 de
655 2658 817 2750 periculo
839 2657 872 2730 dr
896 2659 1068 2752 praemi0‚
1100 2657 1214 2732 nemi·

147 2775 232 2830 nem
251 2753 294 2826 ad
309 2753 489 2844 ejusmodi
504 2753 694 2848 presertim
716 2757 928 2852 religionem
948 2757 1096 2850 publico
1121 2757 1214 2830 odio

150 2851 317 2926 &hostili
330 2855 451 2950 elogio
465 2857 662 2932 obnoxiam
677 2853 914 2947 persuaderet.
950 2855 1098 2930 Nullum
1115 2877 1213 2948 opus

129 2965 290 3026 ,certum
314 2952 365 3035 est
389 2955 561 3028 mercedis
589 2958 746 3032 incertae.
805 2953 939 3030 Nullus
966 2958 1074 3035 timor
1098 2955 1214 3047 justos
1282 2981 1283 3052 ;

149 3053 203 3130 est
218 3053 369 3146 periculi
389 3053 498 3130 dubii.
549 3051 598 3128 Et
618 3075 752 3128 merces
776 3070 913 3146 autern,
940 3055 1214 3149 &periculum

99 3163 102 3176 '
149 3155 189 3230 in
210 3152 475 3229 resunediionis
499 3153 633 3250 pendet
652 3168 798 3232 eventu
849 3153 923 3228 Etsr
945 3155 1157 3248 temporalia
1179 3155 1217 3230 dr

148 3255 282 3330 localia
303 3250 551 3348 &personalia
569 3254 642 3328 Dei
659 3254 804 3330 decreta
827 3266 933 3347 atque
949 3255 1082 3348 judicia
1102 3255 1139 3328 in
1156 3277 1218 3333 ur-
1281 3275 1283 3336 ζ

148 3353 436 3449 berngerus,
470 3354 645 3450 deroges,
671 3365 744 3428 tam
763 3369 884 3446 aperta
905 3356 1096 3451 prophetia
1117 3355 1219 3446 jacu-

150 3455 223 3529 lata
239 3450 311 3546 est,
338 3453 440 3544 quale
454 3452 505 3528 est
518 3465 560 3526 ut
574 3467 715 3528 aeterne
734 3453 980 3546 dispositiones
1001 3457 1077 3546 ejus
1092 3453 1125 3526 dr
1140 3455 1224 3528 unr-

151 3551 308 3628 versales
329 3553 367 3626 in
387 3573 499 3628 omne
514 3555 700 3630 hominurn
717 3575 827 3650 genua
843 3555 959 3628 lucem
974 3551 1023 3626 sui
1038 3553 1219 3649 lugerintr

154 3671 233 3744 quae
248 3665 384 3744 quanto
398 3649 554 3746 majora,
580 3667 685 3728 tanto
703 3655 854 3726 clariora
869 3651 939 3728 else
954 3653 1148 3746 deberent,
1174 3665 1220 3743 ut

152 3733 291 3845 maiora
305 3749 547 3852 crederentur.
598 3749 753 3850 Etputo
766 3753 851 3828 Deo
866 3770 935 3828 nec
949 3753 1106 3833 livorem
1102 3807 1128 3927 ἆ
1146 3772 1221 3830 nee

175 3901 179 3916 ,
992 3919 993 3922 ι
1128 3875 1166 3926 o·
