2596 4346
169 195 245 276 730
319 175 367 276 Q.
393 172 530 254 ster.
556 173 1087 257 F.toa.Truruttrarr1

168 335 350 434 Festinato
363 335 503 433 bigam,
529 338 734 434 pariterque
754 339 953 416 educeresr
974 338 1072 431 quid·
1192 412 1197 421 ,

168 437 297 530 Gentis
313 435 449 512 habes?
473 457 551 513 non
567 437 714 512 exitium
725 433 798 531 'jam
815 437 1014 515 inducimus
1031 439 1121 514 urbi.

166 533 268 614 Loth
290 557 444 636 generos
469 538 560 612 citus
589 537 809 632 alloquitur:
850 537 910 616 sed
932 537 1019 612 dura
1045 539 1247 646 hominum

116 713 118 716 ,
694 695 701 711 1
1025 659 1125 714 mens

50 733 58 740 ’
165 733 324 813 Credere
339 733 500 828 despexit
515 735 714 830 monitum,
740 732 883 830 rihtque
898 739 1076 813 timorem.
1147 825 1151 832 ⁴

164 833 353 930 Tempore
373 855 461 908 mox
478 857 559 928 quo,
571 837 634 912 lux
650 837 818 910 tenebras
837 835 1080 912 conscendere
1098 851 1231 936 tentat,

163 931 215 1009 Et
231 937 374 1010 bicolor
395 936 596 1019 coelisacies
613 935 658 1010 de
672 935 779 1010 noble
796 937 924 1030 dieque
939 934 1002 1030 est,
1104 997 1106 1000 .
1295 1021 1296 1024 Ἴ

161 1033 317 1112 lstabant
328 1038 482 1130 iuvenes
501 1035 704 1116 Chaldaeum
721 1037 872 1110 educere
894 1035 1039 1112 salvum.
1140 1055 1143 1058 ·

161 1133 230 1230 Eja
243 1157 307 1234 age
323 1135 444 1227 Loth,
470 1155 622 1232 exurge,
648 1149 817 1228 mamque
835 1135 1146 1234 altumjugum,
1182 1176 1186 1182 ⁴
1206 1139 1212 1148 '

120 1285 124 1295 ·
159 1233 212 1312 Et
229 1251 330 1310 natas
344 1233 524 1328 duplices,
551 1249 658 1328 atquc
675 1237 756 1314 hinc
772 1237 990 1311 exterminus
1007 1236 1075 1328 ito,

159 1335 387 1438 preveniens
397 1333 594 1410 sodomum
605 1357 726 1430 poenus
738 1331 920 1434 (manibus
932 1357 1076 1430 quoque
1088 1335 1213 1415 enticis
1284 1347 1294 1378 ·

68 1499 77 1508 .
158 1435 371 1512 Producant
385 1434 568 1534 trepidos)
584 1449 691 1528 atque
707 1437 782 1510 haec
798 1437 863 1510 tibi
881 1450 1001 1510 cetera
1015 1435 1167 1514 mando:

158 1535 273 1610 Serva
288 1535 389 1610 Loth
405 1536 574 1630 animam,
601 1557 648 1608 ne
664 1533 776 1610 visum
791 1539 827 1609 in
841 1551 940 1634 terga
953 1531 1151 1611 retrorsum

157 1637 318 1712 Vertere
333 1635 431 1708 sorte
451 1636 561 1728 velis,
588 1649 743 1728 coeptum
758 1637 817 1709 vel
834 1633 951 1710 hstere
964 1631 1140 1730 gressum:

83 1761 88 1775 ·
155 1735 202 1814 In
215 1750 378 1810 montem
391 1755 559 1830 propera.
610 1731 749 1808 Timuit
765 1735 864 1812 Loth
879 1711 986 1808 arbua
1004 1735 1109 1818 tardo
1190 1731 1199 1742 '

155 1835 333 1932 Ereptare
352 1835 482 1934 gradu,
508 1831 665 1924 coelestes
689 1857 735 1908 ne
754 1837 851 1930 prius
866 1835 929 1908 ire

155 1936 352 2032 Opprimer
397 1949 434 2021 t:
459 1935 550 2031 alios
564 1935 671 2032 igitur
687 1935 881 2028 deposcere
895 1947 1023 2028 portus

155 2033 315 2133 Aggredi
384 2088 396 2128 ,
419 2053 572 2128 parvam
589 2055 691 2126 quam
711 2051 841 2110 contra
856 2033 1039 2128 aspexerat
1053 2032 1206 2115 urbem..

155 2135 262 2228 Huc,
277 2133 427 2226 inquit,
453 2131 640 2208 contendo
660 2129 776 2230 fugas:
802 2135 865 2208 vix
884 2135 1057 2222 moenibus
1071 2131 1196 2233 vertat,
1262 2147 1266 2167 '

154 2235 381 2332 Neclouge,
407 2244 478 2306 nec
499 2255 643 2334 magna:
670 2233 723 2308 llli
740 2234 865 2310 fa'vere
882 2235 1036 2332 petenti,
1159 2299 1163 2306 .

152 2335 265 2410 Urbis
283 2333 438 2432 &ipsius
452 2333 585 2428 paritet
603 2331 736 2435 gessere
750 2333 920 2410 salutem.v

151 2433 241 2512 lnde
252 2432 367 2532 Segor
384 2434 470 2506 vico
483 2447 618 2508 nomen
635 2454 713 2510 vox
730 2435 880 2510 barbara
899 2432 1020 2507 nouit
1074 2465 1075 2468 Ν
1197 2471 1207 2486 ·

151 2535 262 2634 Tunc
278 2533 380 2610 Loth
400 2533 751 2630 ingrediturSegor,
783 2533 1062 2630 srmrdexoritur
1076 2527 1144 2626 sol,
1200 2580 1205 2591 -

151 2625 310 2710 Ultimus
324 2635 385 2708 ille
400 2631 554 2726 quidem,
569 2633 608 2706 in
618 2631 884 2726 Sodomamque
895 2629 1060 2706 incendia
1068 2630 1217 2710 fervenu

148 2733 286 2825 Infert,
311 2754 392 2808 nam
409 2745 513 2804 totos
532 2731 652 2806 radios
674 2747 876 2824 armaverat
893 2733 983 2832 igni:

149 2831 305 2914 Aemula
318 2829 539 2924 subsequitur
559 2829 698 2928 caligo,
724 2833 908 2908 includere
921 2835 1004 2906 luce

149 2931 334 3028 Captans,
361 2945 467 3024 atque
483 2931 619 3030 globos
632 2929 784 3006 corffuso
800 2935 963 3008 intexere
978 2931 1089 3006 coelor
1202 2922 1216 2946 '⁸

148 3031 342 3114 Fumantes
361 3045 498 3106 coeunt
516 3033 654 3127 nubes,
680 3053 802 3106 novus
820 3033 927 3106 irruit
943 3033 1071 3125 imber,

83 3150 90 3173 ·
147 3133 331 3228 sulphura
343 3153 423 3206 cum
437 3131 586 3207 flammis
600 3131 830 3227 flagrauhibus
847 3131 970 3206 aestuat
985 3131 1111 3230 aether,

146 3229 303 3309 Exusttu
324 3233 476 3325 crepitat
492 3215 631 3325 liquidis
648 3233 835 3306 ardoribus
851 3234 976 3326 aether,

148 3333 247 3408 Hinc
264 3331 373 3408 habet
390 3331 426 3404 in
443 3327 531 3406 salso
547 3331 591 3404 de
612 3351 705 3406 vero
722 3327 842 3406 fabula
859 3331 1018 3424 samam,-

141 3432 242 3506 Solis
261 3431 472 3529 progeniem
493 3449 616 3504 currus
639 3429 776 3525 optasse
801 3445 986 3526 paternos,
1043 3477 1044 3482 Ν

147 3531 231 3608 Nec
248 3524 391 3606 valrdlle
405 3532 529 3630 levem·
541 3551 692 3623 puerum
705 3530 846 3606 frenare
858 3531 1028 3624 superbos

145 3629 242 3728 Ignis
264 3653 398 3724 equos,
427 3627 538 3703 arsill'e
555 3631 703 3724 orbem,
729 3645 817 3704 tunc
835 3631 983 3706 fulmine
1001 3645 1144 3724 raptum

146 3729 336 3826 Aurigam,
361 3727 524 3804 illicitum
540 3727 717 3822 plaustum
736 3729 882 3808 mutasse
902 3727 1083 3816 sororer.·,
1115 3775 1122 3782 -

145 3825 312 3920 Viderit,
341 3825 538 3927 Eridanus,
564 3827 589 3900 fi
608 3851 676 3922 qua
691 3831 764 3902 illic
779 3829 934 3926 populus
955 3833 1064 3924 albet,

144 3918 226 4034 Aut
238 3928 263 4004 fi
274 3929 356 4024 quit
366 3922 505 4036 plumat
517 3925 617 4004 senio
635 3931 855 4016 modulatior
871 3933 955 4036 ales.
1083 4029 1133 4106 H·

280 4064 284 4073 ·
638 4091 641 4096 n
715 4051 720 4062 ’
844 4049 859 4068 ’
979 4091 982 4098 .
1122 4054 1159 4106 rc
