2596 4336
146 144 244 258 380⁴
280 162 340 270 Q.
365 159 493 251 seor.
519 163 662 246 reon.
687 163 1055 254 Tautantum

146 330 378 410 sttssanimam
390 331 569 406 carnalem
580 330 746 404 videatur
759 327 925 410 babuisse.
977 327 1079 404 Deus
1092 331 1209 426 ειιῐιιι,

145 430 334 522 inquiunt,
365 427 509 526 gestivit
527 433 676 506 animam
696 429 868 506 vifibilem
882 431 1084 504 hominibus
1102 429 1211 505 exhi·

143 531 254 624 bere,
279 527 449 604 faciendo
468 551 710 627 eamcorpus,
734 551 812 622 quae
825 545 923 604 retro
945 530 1127 604 invisibilis
1141 551 1213 604 ex·

143 629 285 721 titorit,
317 641 443 702 namra
462 629 578 721 nihil,
610 651 680 704 nec
702 627 918 724 semetipsam
942 629 1091 722 videns,
1126 649 1206 723 prae

46 775 52 798 ,
142 728 400 822 impedimento
426 729 539 802 cunia
564 731 696 824 hujus,
730 745 773 804 ιιι
798 731 904 806 etiam
928 727 1206 824 disceptaretur,

140 843 228 910 aeta
243 830 357 905 anima
375 847 419 902 an
434 827 538 904 noni
572 829 695 920 itaque
713 830 863 906 animam
883 849 1019 922 eorpus
1038 827 1205 904 effetum

139 931 180 1006 in
198 925 367 1021 Christo,
400 941 443 1001 ut
465 947 543 1028 eain
565 927 600 1002 bt
620 923 824 1004 nascentem
850 929 1138 1020 demetientem,
1166 927 1204 1001 hc

144 1027 243 1124 quod
262 1025 305 1102 stt
330 1028 504 1122 amplius,
529 1027 769 1126 retegentem
793 1027 1007 1106 videremus.
1060 1025 1108 1100 Et
1126 1029 1205 1104 hoc

143 1138 263 1202 autem
292 1129 395 1220 qttale
430 1127 528 1220 erit,
568 1141 611 1202 ιιι
637 1149 701 1223 per
729 1151 870 1204 carnem
899 1125 1205 1202 demonstraretur

144 1229 259 1304 anima
281 1227 343 1300 sabi
368 1239 429 1300 ant
452 1228 579 1321 nobie,
608 1249 688 1320 quae
707 1249 772 1322 per
792 1249 935 1304 carnem
957 1248 1033 1301 non
1052 1235 1205 1320 poterat

77 1374 79 1384 ·
143 1325 312 1424 agnosci,
338 1340 380 1400 ιιι
399 1327 448 1400 src
464 1325 729 1402 ostenderetur:
756 1327 840 1403 dum
858 1327 892 1401 id
912 1324 956 1400 fit
974 1327 1030 1400 cui
1049 1327 1202 1420 latebat,

141 1425 265 1520 idest,
298 1445 403 1502 caro:
434 1429 601 1502 tenebras
623 1424 792 1502 videlieet
817 1427 979 1521 aceepit,
1014 1439 1056 1499 ut
1076 1428 1205 1499 lacere

96 1556 102 1572 ·
141 1522 256 1624 ppffit
306 1523 475 1618 Denique
498 1526 634 1602 adhoc
656 1528 754 1622 prius
777 1525 1033 1618 manemus,
1067 1533 1111 1598 'aa
1129 1524 1201 1600 isto

140 1625 254 1702 modo
275 1624 494 1700 ostendenda
511 1625 621 1700 fuerit
636 1627 773 1720 anima,
798 1647 843 1700 an
858 1625 895 1700 in
910 1635 1029 1698 totum
1042 1623 1201 1698 invisbi-

140 1729 211 1805 lem
232 1747 309 1800 eam
325 1739 427 1799 retro
449 1726 629 1822 allegent,
662 1739 785 1801 utrum
803 1725 897 1820 urtafi
913 1724 1199 1818 incorporalem:

140 1847 187 1900 an
202 1826 311 1900 etiam
331 1825 522 1900 habentem
546 1825 691 1918 aliquod
714 1845 824 1922 gemas
848 1826 1013 1919 corporis
1034 1821 1201 1920 proprii?

141 1925 317 2000 &tamen
340 1945 421 1998 cum
448 1925 655 2000 invifibilem
683 1925 828 2018 dicant,
865 1925 1093 2022 corporalem
1119 1945 1200 2002 eam

141 2023 384 2114 constituunt,
401 2023 590 2100 habentem
604 2021 703 2116 quod
717 2023 891 2100 invihbilc
904 2025 956 2100 stt.
988 2023 1089 2098 Nihil
1103 2023 1200 2098 enim

140 2125 276 2203 habens
299 2121 498 2216 invisibile,
532 2122 723 2217 quomodo
746 2123 869 2220 potest
892 2121 1075 2200 invisibilia
1097 2119 1199 2198 dicit

139 2223 266 2300 sedne
286 2219 356 2296 eise
375 2222 516 2316 quidem
539 2221 679 2320 potest,
704 2219 766 2297 nist
785 2223 918 2299 babens
937 2241 1004 2318 per
1023 2222 1120 2315 qttod
1141 2222 1197 2298 fit.

141 2321 235 2400 Ειιιιι
248 2333 366 2396 autem
383 2321 446 2414 sit,
472 2323 601 2398 habeat
618 2321 758 2398 neeesse
773 2321 824 2397 est
839 2323 989 2416 aliquid,
1015 2341 1079 2416 per
1096 2321 1198 2413 quod

140 2421 202 2500 est.
254 2421 290 2495 Si
314 2421 444 2514 aliquid
466 2443 531 2518 per
553 2422 652 2516 quod
674 2421 745 2514 est,
771 2424 844 2498 hoc
864 2423 933 2496 erit
954 2441 1085 2514 corpus
1106 2421 1195 2514 eiua.

140 2523 262 2598 Omne
281 2523 379 2616 quod
396 2521 467 2616 esi,
493 2541 625 2620 eorpus
648 2521 699 2598 est
719 2519 769 2598 sui
790 2523 946 2619 generis:
979 2522 1065 2595 nihil
1080 2519 1131 2594 est
1144 2523 1197 2595 in·

139 2621 354 2716 corporale,
381 2619 443 2696 nisr
460 2623 561 2716 quoe
576 2643 652 2700 non
668 2621 729 2698 est.
778 2623 944 2698 Habente
959 2619 1066 2720 igttm
1080 2619 1197 2696 anima

138 2721 315 2796 invisibile
332 2741 486 2816 corpus,
509 2724 569 2813 qui
586 2723 755 2796 visibilem
765 2743 840 2796 eam
852 2721 971 2796 facere
984 2717 1196 2816 susceperat,

84 2883 89 2892 .
138 2821 264 2913 utique
277 2819 415 2920 dignius
431 2823 465 2894 id
481 2825 556 2916 ejus
570 2821 706 2896 vinbite
722 2819 878 2914 fecisset,
904 2821 1010 2914 qttoci
1018 2821 1195 2897 invisibile

136 2921 348 3000 habebatur.
401 2923 495 3021 Quia
511 2943 579 2999 nec
595 2921 654 2996 hic
667 2919 908 3014 menaechmi,
935 2917 1195 2994 autinhnnitas

137 3019 424 3116 Deocompetit.
475 3020 723 3112 Mendacium,
749 3020 880 3095 staliud
895 3021 1063 3112 arrhatam,
1089 3041 1195 3112 quam

27 3211 30 3220 Ι
188 3123 239 3195 od
257 3133 334 3194 erat
351 3119 618 3196 demonstravit.
670 3117 881 3214 infirmitas,
906 3119 931 3194 ii
948 3119 983 3194 id
1000 3118 1099 3213 quod
1116 3135 1199 3194 erat

161 3217 380 3296 amonstrare
406 3241 483 3294 non
509 3217 634 3296 valuit.
695 3218 818 3294 Nemo
847 3217 1036 3294 ostendere
1063 3220 1195 3292 volens

135 3321 346 3412 honinem,
376 3319 533 3396 cafftdem
553 3335 614 3392 aut
635 3317 822 3414 personam
844 3319 876 3392 ei
900 3319 1048 3393 inducit
1107 3317 1195 3391 Hoc

137 3433 261 3494 autem·
273 3419 403 3495 fretum
424 3417 475 3492 est
495 3419 635 3512 anino,
660 3417 684 3492 [ι
705 3420 741 3493 in
758 3437 899 3492 carnem
916 3415 1090 3492 conuersa
1112 3419 1194 3492 aiic-

134 3531 217 3595 ιιιιιι
236 3517 352 3592 ittduit
365 3514 597 3612 superficiem.
648 3517 717 3590 Sed
738 3517 801 3592 etsi
822 3519 1059 3610 incorporalis
1078 3517 1195 3594 anima

133 3619 353 3712 deputetur,
385 3630 428 3691 ut
447 3617 562 3710 aliqua
584 3619 623 3690 vi
646 3619 797 3710 rationis
812 3619 964 3690 occulta
986 3615 1028 3690 ht
1050 3615 1199 3707 qudem·

134 3713 274 3808 anima,
304 3735 437 3812 corpus
458 3729 577 3799 tamen
599 3737 676 3791 non
701 3719 763 3810 fit,
800 3713 966 3811 quicquid
992 3711 1043 3786 est
1065 3715 1190 3792 anima

17 3897 19 3902 .
126 3813 290 3914 Proinde
306 3815 519 3916 impossibile
535 3815 626 3895 Dea
645 3803 724 3894 ιιὸιι
743 3831 840 3914 erat,
866 3813 1218 3992 &ptopssslggg-J'us,
1249 3830 1258 3863 ¹
