2638 4342
456 205 797 328 Csnnrrrri.
942 120 963 215 Ἰ
1082 210 1156 308 ⁶9⁹

97 369 166 446 Per
178 381 305 444 vatum
322 389 437 444 voces
452 373 549 446 hune
566 391 677 446 oninn
694 369 851 444 clamitet
866 368 937 446 elie
966 403 968 410 ¹
1059 391 1071 405 “

97 467 239 546 Ordine
253 468 441 564 suscipiens
457 471 609 566 Paulus,
622 471 682 544 -src
698 470 808 570 eredit
823 469 857 542 dt
872 469 946 565 ipse
1058 545 1060 550 ,

96 567 224 644 Unum
236 570 333 643 hunc
350 569 419 656 elie
431 570 592 665 Patrem,
620 591 803 664 perquem
820 568 899 644 sunt
915 570 1036 646 omnia
1050 566 1155 670 fadis,

97 667 222 762 Atque
238 689 347 743 onum
364 667 560 763 Christum,
586 689 773 764 perquem
786 667 886 743 Dens
904 669 1024 744 omnia
1038 668 1141 766 feeit,
1162 723 1166 730 -

97 767 160 844 Ad
177 789 281 862 quem
295 767 329 842 se
345 789 497 844 curvare
512 791 606 866 genu
619 771 724 863 plane
743 790 850 842 omne
867 767 1014 862 fatetur,

95 867 156 946 Ex
175 889 248 960 quo
271 869 386 942 omnis
407 871 521 965 patrie
537 873 573 944 in
590 869 683 942 coelo
701 882 866 962 terraque
887 883 1057 968 vocatur,

100 969 176 1068 Qui
194 969 289 1042 zelat
304 972 478 1062 populum
494 968 630 1044 summo
651 969 793 1065 pietatis
811 989 948 1062 amore,
1176 976 1178 980 ’

99 1069 156 1142 Ut
175 1081 298 1163 peter,
325 1068 359 1142 δι
376 1066 492 1142 sande
508 1070 589 1142 vult
605 1089 748 1144 omnem
765 1069 895 1142 vivere
911 1087 1069 1162 earnem,

101 1167 287 1262 Apparere
302 1167 363 1241 sibi
383 1167 549 1242 mundam
567 1167 639 1242 sme
657 1169 804 1243 erimine
815 1169 968 1261 plebem.
987 1189 991 1199 ·

99 1267 188 1346 Hoc
209 1269 290 1342 zelo
306 1265 461 1344 nostram
479 1267 636 1345 custodit
658 1269 737 1365 lege
754 1265 914 1360 salutem,

101 1367 300 1465 Legitimos
314 1381 441 1442 monet
456 1365 544 1461 eise,
568 1367 692 1461 jubet,
720 1365 864 1462 castigat
879 1367 914 1439 dt
935 1363 1049 1442 instat.

103 1465 312 1563 Corripiens
327 1467 469 1541 Galatas
488 1469 635 1560 iratres,
664 1465 915 1560 &Apostolus
935 1467 1043 1560 idem,

102 1565 231 1668 Telem
248 1563 283 1642 se
305 1565 431 1640 Paulus
449 1569 565 1642 zelum
580 1567 614 1642 se
628 1565 762 1660 scripsit
782 1567 924 1654 hebere.

156 1687 189 1760 3.
214 1665 383 1741 Reddidit
402 1687 487 1764 ergo
503 1667 602 1740 Deus
621 1667 728 1764 gratis
745 1680 893 1759 peccata
909 1679 1070 1762 paterna,

99 1760 145 1842 -ln
161 1763 374 1862 cataclysmo
393 1785 544 1840 enecans
563 1769 695 1860 pariter
711 1785 793 1839 cum
808 1767 915 1858 prole
928 1779 1109 1864 parentes,

104 1865 313 1958 Gentesque
325 1867 397 1959 jnm
411 1881 535 1958 quarte
552 1867 695 1964 genitos
708 1865 753 1938 de
766 1863 874 1958 stirpe
889 1877 1060 1962 nepotes,

103 1965 197 2040 Cum
214 1963 290 2040 sere
310 1979 518 2062 nongentos
538 1967 606 2041 hos
628 1983 715 2064 tpnc
731 1963 909 2057 adiuverit
925 1965 1068 2042 annos(

103 2065 281 2242 {odicium
303 2066 451 2160 durum,
477 2065 652 2140 sententia
666 2063 757 2139 saeva
773 2063 938 2158 videtur,

134 2167 279 2240 arvulus
296 2165 513 2242 &Sodomis
529 2162 802 2258 adhucinsons,
826 2165 967 2259 mollis,
993 2165 1152 2262 inermis,
1210 2201 1213 2206 ·

102 2265 159 2340 Ut
171 2277 290 2340 cnseat
305 2265 401 2337 vita:
427 2265 512 2360 quid
527 2267 621 2339 enim
634 2278 851 2358 peceaverat
864 2263 1008 2338 infans?

105 2363 220 2466 Quod
236 2364 379 2438 crudele
394 2379 521 2460 putes,
547 2365 620 2438 hoc
641 2363 691 2438 est
710 2363 853 2457 pietatis
873 2363 1073 2442 honestum.

103 2463 285 2543 Audiores
301 2461 468 2558 sceleris,
493 2461 631 2539 facinus
648 2483 696 2536 ne
714 2461 889 2536 cresceret
905 2466 1013 2560 ultra,
1200 2473 1213 2482 “

103 2563 294 2660 Extinxit,
320 2563 555 2657 sobolemque
570 2563 713 2641 Paetum
726 2572 876 2657 petente
891 2561 1112 2655 sequentum.

103 2665 177 2742 Sed
190 2685 266 2738 non
279 2665 533 2758 compatribus
545 2685 665 2758 poenes
686 2664 855 2769 innoxius
873 2661 989 2738 infans

104 2765 299 2861 Perpetuos
314 2766 402 2838 luit:
434 2765 597 2862 ignarus,
623 2785 741 2857 neque
756 2763 909 2838 criminis
929 2763 1064 2860 auitos,

103 2863 167 2941 Ne
184 2861 289 2938 fieret
305 2861 445 2938 sceleris
462 2864 609 2944 consors
623 2865 736 2936 aetatis
750 2864 892 2957 adulte,

105 2965 246 3060 Sponte
265 2963 384 3037 future
399 2965 512 3057 mala,
537 2985 636 3040 mors
654 2967 839 3038 immatura
852 2962 1014 3040 resolvit.

158 3061 384 3154 4CnrDeus
396 3083 483 3160 ergo
491 3065 596 3156 jubet
606 3083 780 3157 pecorum
794 3063 854 3136 sibi
866 3061 1034 3161 sanguine
1049 3061 1163 3140 fundi.
1306 3177 1307 3180 Ἴ

103 3163 275 3261 Legeqne
290 3161 519 3261 constringit,
542 3167 669 3255 nequis
687 3159 953 3238 transcenderet
969 3183 1091 3240 errans

105 3263 150 3340 In
163 3265 325 3357 populo,
351 3264 503 3358 lapidum
521 3262 682 3356 praesenti
699 3277 818 3336 morte
833 3263 996 3338 minatus.

106 3363 233 3456 Atque
248 3365 378 3438 iterum
394 3363 470 3437 haec
487 3365 686 3462 reprobat,
716 3375 825 3459 negat
844 3363 919 3437 hnc
938 3363 1000 3437 srbi
1018 3383 1165 3440 munere

872 3499 874 3506 ’
902 3477 1015 3560 grata,

112 3561 319 3658 Corripiens
337 3561 480 3654 plebem
495 3564 633 3656 peccati
650 3562 812 3636 examine
827 3563 985 3655 pressam.

108 3657 189 3759 lpse
206 3663 314 3758 anet
331 3682 469 3751 verax,
493 3661 605 3756 justus
620 3664 717 3737 limnl
734 3661 806 3755 ipse
822 3665 984 3754 repellit:

109 3765 147 3838 Si
169 3759 468 3857 quaeriseauffas?
495 3780 616 3835 errans
634 3761 756 3838 desrste
774 3763 932 3856 moveri,

113 3862 239 3940 Cunila
258 3861 389 3939 etenim
408 3861 495 3940 fidei
507 3863 657 3938 rationis
667 3861 820 3962 imagine
836 3863 962 3958 major.
1022 3958 1079 4035 As

217 4016 222 4025 .
867 3969 872 3987 ¹
1072 3963 1122 4056 pi·
