2596 4336
167 157 977 249 naPanacaranro'nrnus‘taurento'
1040 168 1124 267 “489

15 345 19 424 l
64 327 153 422 stit,
192 327 275 428 post
296 331 394 405 hunc
416 329 527 405 divisa
548 331 680 411 sentire
700 331 820 426 coepit.
878 327 1000 404 Totus
1027 329 1127 408 enim

15 425 19 510 Ι
64 429 255 506 secundum
276 433 513 506 Valentinum
534 427 643 524 sapit,
678 433 848 524 adjiciens
871 429 980 525 illud,
1006 427 1127 505 Adam

15 541 18 630 l
64 549 133 606 nec
151 529 298 606 salutem
325 529 496 622 consequi
516 529 637 624 posse;
666 529 761 622 quasr
787 547 865 604 non
887 529 1014 604 haemi
1037 527 1126 604 salvi
1212 551 1220 562 ·

15 631 18 708 l
62 625 179 722 hunt,
213 629 363 704 &radia
385 627 481 704 salva
499 630 550 704 ht.
603 625 843 705 Accell'entnt
866 631 924 702 alii
944 629 1126 726 heretici,
1239 675 1242 680 -

15 739 18 806 l
63 733 122 824 qui
137 733 306 804 dicuntur
320 725 514 806 secundum
529 729 705 826 Phrygas:
733 726 794 802 sed
810 729 940 802 horurn
955 749 1033 802 non
1054 749 1128 804 una

15 837 17 904 l
64 827 223 906 dostrina
249 827 336 906 elh·
374 832 468 903 Sunt
493 831 589 905 enim
616 831 675 922 qul
697 825 787 902 Cata
808 825 977 902 Proclutn
1004 829 1128 902 dicun-

15 953 17 1008 l
63 942 139 1021 tut,
172 929 253 1004 sunt
279 932 338 1022 qui
363 929 559 1004 secundum
586 928 803 1004 Aeschinem
829 930 1125 1022 pronuntiantur,

15 1047 17 1108 l
61 1031 99 1104 hl
131 1032 267 1106 habent
298 1031 401 1106 aliam
441 1045 672 1106 communem
690 1025 986 1122 blasphemiam,
1021 1030 1127 1102 aliam

15 1143 23 1224 l·
52 1129 314 1226 solasphemiam
345 1147 433 1204 non·
455 1149 710 1210 communem,
743 1125 803 1202 sed
837 1129 1054 1220 peculiarem
1091 1123 1129 1200 sa
1207 1163 1209 1170 ·

15 1247 19 1308 l
61 1228 181 1306 suamc
207 1228 490 1304 &communem
507 1227 650 1320 quidem
672 1229 790 1320 illam,
817 1247 887 1317 qua
908 1227 945 1300 in
964 1224 1126 1322 Apollo·
1211 1251 1218 1264 ·

15 1331 19 1408 Ι
61 1329 265 1422 lia'quidem
279 1327 570 1422 dicantspiritum
586 1324 875 1412 sanstumsuilsc‚
904 1324 1127 1420 paracletum
1161 1361 1165 1378 ·

15 1447 18 1508 l
57 1427 267 1510 oonhille.
318 1427 369 1502 Et
385 1449 454 1521 qua
469 1425 593 1501 dicant
610 1429 831 1522 paracletum
846 1429 950 1519 plana
963 1429 1001 1500 in
1014 1423 1128 1500 Mon·
1240 1419 1245 1432 '
1281 1511 1282 1514 p

15 1551 17 1596 l
63 1543 150 1602 tano
175 1525 321 1620 dixisse,
355 1547 461 1620 quam
484 1525 662 1600 Christum
685 1526 723 1599 in
747 1529 975 1622 evangelium
999 1529 1126 1620 procu

15 1651 19 1706 l
62 1627 152 1704 lille:
177 1639 401 1702 nectantum
417 1631 542 1721 plura,
569 1623 753 1700 sedetiam
770 1629 921 1700 meliora
936 1639 1141 1718 atquema·¹
1165 1637 1172 1674 ⁴

15 1749 19 1806 ι,
56 1729 149 1820 p'ore
209 1725 392 1800 Privatam
431 1725 684 1820 blasphemiam
717 1727 792 1818 illi,
830 1723 1005 1818 quisunt
1039 1723 1142 1800 Cata·

15 1853 19 1910 ι
62 1827 282 1902 Aeschinem
306 1827 399 1900 hanc
422 1825 587 1917 habent,
622 1842 691 1917 qua
710 1824 883 1916 adiiciunt
906 1828 1016 1904 etiam
1034 1827 1130 1918 hoc,

15 1945 18 2018 l
63 1927 117 2002 nti
131 1926 275 2010 dicant,
300 1923 477 2002 Christum
497 1925 609 2020 ipsum
629 1923 701 2000 elle
720 1922 833 2002 lilium
851 1924 1053 2021 &patrem

15 2049 18 2108 l
136 2045 195 2120 53.
221 2021 285 2099 Est
300 2039 499 2120 praeterea,
526 2025 581 2098 his
598 2025 768 2100 omnibus
785 2027 895 2102 etiam
914 2023 1049 2102 Blastua
1070 2043 1132 2100 ac·

15 2153 17 2210 l
64 2123 219 2238 celena,
260 2127 321 2218 qui
343 2128 502 2200 latenter
526 2123 742 2221 Judaismum
773 2127 856 2200 vult
881 2125 1128 2202 introducere.
1196 2166 1198 2175 ,

15 2229 18 2310 l
64 2219 194 2300 Pascha
213 2225 313 2300 enim
330 2226 419 2299 dicit
434 2244 512 2298 non
534 2225 636 2298 aliter
656 2222 930 2307 custodiendum
945 2223 1040 2316 elle,
1066 2225 1132 2302 nisa

15 2365 18 2408 l
63 2321 396 2426 secundumlegern
419 2321 541 2416 Moysi
558 2323 668 2399 Xllll.
689 2324 831 2402 meniis.
887 2327 980 2422 Quia
1008 2339 1131 2400 autem

15 2437 19 2510 l
64 2423 194 2518 nestit,
226 2425 400 2516 quoniam
421 2425 631 2519 evangelica
650 2425 764 2521 gratia
789 2437 1009 2518 evacuatur,
1037 2424 1060 2499 st
1086 2421 1131 2498 acl

15 2559 18 2598 l
65 2521 181 2621 legero
196 2521 376 2598 Christum
396 2519 553 2630 tedigitl
578 2519 806 2626 Accedithis
822 2523 1045 2602 Theodotus
1061 2527 1133 2600 lue-
1266 2588 1271 2598 ,

15 2667 18 2698 .
64 2623 197 2698 tetictu
226 2623 448 2718 Byzantius,
488 2625 548 2718 qui
570 2621 823 2720 posteaquam
848 2623 1026 2702 Christum
1059 2643 1148 2720 prol
1280 2639 1281 2642 ‘

15 2737 18 2810 l
65 2725 215 2799 nomine
235 2721 477 2817 adprehensus
502 2729 675 2821 negavit,
706 2727 744 2801 in
767 2723 944 2802 Christum
969 2723 1134 2820 blasphe-

15 2859 17 2912 1
65 2841 161 2898 mare
179 2842 259 2898 nou
276 2819 422 2902 destitit.
468 2821 682 2900 Dostrinant
696 2827 794 2902 enim
811 2825 1046 2915 introduxit‚.
1061 2845 1133 2916 qua

15 2975 17 2996 .
66 2919 243 2996 Christum
281 2921 469 2997 hominem
504 2925 760 3000 tantummodo
804 2923 965 3018 diceret,
1007 2925 1133 3000 Deum

15 3033 186 3122 sautem
218 3021 320 3096 illum
355 3035 514 3118 negaret
584 3022 638 3098 Ex
671 3023 795 3123 spiritu
829 3023 973 3116 quidem
1007 3021 1131 3098 sancto

15 3169 17 3204 .
65 3135 210 3214 natum,
242 3141 289 3194 ex
307 3121 468 3218 virgine,
508 3121 567 3197 sed
594 3125 781 3198 hominem
802 3123 997 3200 solitarium
1021 3135 1133 3215 atque

15 3273 17 3300 .
64 3221 229 3313 nudum,
265 3221 369 3294 nullo
396 3221 469 3296 alio
493 3243 566 3318 pra
599 3227 759 3316 ceteris,
794 3221 963 3300 nisaasola
986 3219 1132 3316 iustitie

15 3399 16 3406 Ν
65 3321 272 3394 autoritate.
335 3317 443 3394 Alter
469 3321 550 3416 post
576 3323 674 3398 hunc
695 3321 918 3412 Theodotus
940 3323 1134 3400 hereticua
1208 3395 1210 3402 ,

15 3465 16 3514 3
67 3421 213 3514 etrapit,
252 3419 315 3510 qui
341 3417 376 3494 ἃ
401 3417 476 3514 lpse
495 3423 700 3498 introduxit
725 3425 872 3498 alteram
902 3419 1061 3516 seuam,
1097 3419 1134 3498 ht

15 3569 16 3578 a
65 3517 176 3614 ipsum
195 3519 383 3595 hominem
410 3517 588 3596 Christum
609 3524 866 3600 tautummodo
889 3523 979 3596 dicit
1001 3545 1047 3598 ex
1068 3519 1134 3616 spi·

67 3621 140 3693 ritu
160 3613 307 3710 sartho,
334 3639 379 3693 er
397 3620 537 3716 virgine
552 3616 670 3712 Maria
695 3635 919 3718 conceptum
940 3632 1074 3718 pariter
1097 3619 1136 3696 sa

67 3733 219 3814 uatum,
251 3713 310 3792 sed
335 3719 433 3796 hunc
456 3717 669 3897 inferitgem
701 3719 772 3796 elle
804 3743 909 3816 quam
941 3718 1135 3921 hgelclhise·

128 3841 134 3861 ⁷
252 3820 266 3845 ·
385 3823 387 3828 Ι
623 3822 694 3918 hs
808 3850 817 3884 ³
893 3897 902 3913 ,
998 3839 1043 3900 ec
1201 3847 1211 3860 ’
1260 3873 1266 3909 a

483 3901 501 3942 a
1058 3915 1061 3922 .
1242 3919 1243 3926 a
