2926 4372
275 191 344 306 'asa
430 221 479 324 Q.
504 215 643 299 sarr.
668 193 813 294 linos.
839 182 1178 292 Tartursanis
1210 215 1213 222 ’

266 379 466 464 'monialem
491 381 810 476 comparationem.
870 375 967 452 Hinc
996 337 1118 450 divina
1145 349 1341 470 constabis,

273 502 379 576 quam
410 479 574 556 diabolus
606 479 814 554 divinorum
839 480 1024 552 aemulator
1048 477 1227 550 imitatur.
1291 473 1342 550 Ex

271 581 431 656 ueritate
455 579 678 656 mendacium
704 579 872 672 struitur,
907 601 951 650 ex
977 575 1154 672 religione
1181 573 1342 669 supersti-

222 723 226 730 ·
271 684 329 756 tio
355 680 623 776 compingitur,
661 681 746 756 hinc
771 694 813 750 tu
838 699 885 751 eo
912 671 1165 774 irreligiosior,
1202 687 1340 770 quanto

165 831 169 841 «
274 781 441 858 ethnicus
474 781 644 870 paratior.
702 778 767 852 llle
800 778 956 872 denique
980 776 1066 851 Deo
1091 775 1202 848 idolo'
1231 775 1342 871 gulam

273 879 370 962 suam
402 877 557 972 medat,
593 889 635 954 tu
658 877 745 954 Deo
779 899 858 952 non
890 879 957 953 vis.
1015 875 1118 950 Deus
1154 875 1259 948 enim
1284 875 1342 950 tihi

268 994 407 1054 uenter
431 979 512 1072 est,
547 977 581 1052 dt
605 980 730 1074 pulmo
755 978 952 1072 templum,
987 975 1021 1049 ts
1046 975 1276 1066 aqualiculus
1302 971 1360 1050 al·‘

271 1087 376 1174 aare,
409 1076 633 1152 &sacerdos
661 1095 798 1172 cocus,
832 1075 1025 1155 &sanstus
1050 1073 1193 1168 spiritus
1224 1075 1343 1173 nidor,

276 1179 313 1256 dt
338 1179 569 1258 condimenta
594 1176 823 1269 charismata,
850 1176 886 1250 dt
910 1173 1028 1252 rusius
1054 1173 1267 1272 prophetia.

352 1299 410 1372 17.
434 1279 554 1354 Vetus
581 1299 648 1372 es,
682 1277 821 1352 verast
847 1277 998 1352 velimus
1026 1275 1173 1364 dicere3
1218 1287 1264 1347 tu
1292 1275 1343 1368 qui

272 1382 415 1455 'tantum
446 1379 537 1477 gulsa
561 1377 750 1474 indulges,
785 1373 975 1452 &merito
998 1391 1036 1452 te
1060 1375 1227 1470 priorem
1251 1373 1344 1470 jaffe

271 1479 355 1566 ’ως
386 1475 524 1574 semper
556 1477 712 1574 agnosco
744 1475 862 1570 sapere
887 1473 992 1575 Esau,
1013 1489 1236 1550 venatorem
1261 1475 1343 1550 sera

267 1587 386 1672 mam,
419 1577 470 1652 ita
501 1577 619 1694 passrm
649 1575 856 1694 indagandis
887 1575 1000 1650 turdis
1030 1573 1177 1692 studes,
1218 1575 1276 1650 ita
1301 1573 1343 1691 ‘dr

277 1671 1343 1886 ialal,¹lllllilsllllnlllrltsllnahslll

267 1881 426 1970 ,tillem
459 1875 574 1952 statim
605 1887 710 1953 totos
742 1880 912 1970 primatus
939 1889 1034 1950 tuos·
1048 1873 1213 1950 vendes:
1255 1873 1344 1972 apud

276 1989 317 2052 te
349 1996 459 2074 agape
488 1979 524 2065 ip
552 1977 691 2050 cacabis
718 1973 861 2068 servet,
901 1971 990 2050 fides
1014 1977 1051 2050 in
1078 1975 1209 2048 culinis
1240 1977 1344 2068 cales

275 2075 355 2174 spes
387 2075 427 2150 in
455 2075 599 2154 ferculis
630 2077 738 2169 jacet.
794 2073 865 2148 Sed
898 2075 1014 2168 major
1044 2074 1099 2148 his
1132 2071 1186 2149 est
1222 2097 1344 2175 agape,

267 2173 361 2274 'quia
383 2177 450 2274 pc'r
472 2176 566 2256 hanc
592 2173 837 2250 adolescentes
865 2174 919 2246 tui
947 2194 1027 2247 cum
1053 2171 1246 2248 sororious
1269 2177 1344 2248 dor·

271 2275 394 2376 *uniunt
410 2328 439 2368 ,‚
461 2273 676 2370 appendices
708 2271 845 2348 scilicet
876 2273 966 2370 gula
991 2271 1135 2348 lascivia
1161 2287 1275 2368 atque
1300 2277 1345 2347 lu

269 2371 382 2479 ,auria
408 2372 469 2452 est
541 2377 660 2468 Quam
694 2371 904 2450 societatem
931 2371 1188 2470 &Apostolus
1217 2371 1343 2464 sciens,

278 2491 361 2554 mm
381 2469 599 2568 'praemislss‘et
620 2499 687 2546 aton
703 2481 741 2570 ira
756 2475 954 2548 ebrietatibus
970 2475 1024 2545 ricc
1042 2501 1079 2546 m
1089 2471 1343 2568 cnmmrffarioni·
1357 2487 1360 2542 l

120 2605 145 2674 j
212 2655 218 2664 ι
270 2567 333 2646 'lus
350 2627 363 2654 ,
394 2571 556 2666 adjunxit
571 2579 588 2666 ,'
622 2599 679 2645 rrec
712 2580 748 2646 ira
781 2575 929 2647 cubilibus
951 2579 999 2649 'U
1030 2575 1231 2648 latumias.
1293 2571 1342 2648 Ad

205 2750 212 2756 .
279 2665 439 2768 elogium
463 2673 553 2770 gulae
577 2688 648 2746 tuae
673 2675 864 2768 pertinet,
900 2674 998 2768 quod
1029 2674 1162 2770 duplex
1188 2677 1290 2770 apud
1314 2691 1342 2748 n

277 2767 547 2876 presidentibus
571 2773 694 2850 honor
719 2776 810 2849 binis
835 2775 994 2870 partibus
1021 2774 1242 2870 deputatur,
1270 2797 1343 2850 catu

271 2866 482 2976 =Apostolus
516 2873 694 2970 duplicem
727 2875 906 2950 honorem
940 2864 1106 2968 dederit,
1143 2891 1187 2948 ut
1222 2874 1260 2950 dt
1286 2875 1344 2950 fra

277 2971 393 3048 tribus
421 2971 455 3046 oa
479 2971 687 3068 praepositis.
738 2975 832 3071 Quis
859 2971 1008 3048 sandior
1034 2976 1260 3069 intervos,
1289 2975 1344 3050 nii

202 3107 204 3112 ·
280 3073 503 3151 convivandi
537 3071 789 3168 frequentior,
823 3073 886 3147 nisa
921 3068 1121 3149 obsonandi
1153 3077 1346 3169 pollucibi-

278 3170 371 3266 lior,
398 3171 461 3250 nisa
487 3173 654 3246 calicibus
681 3169 910 3248 instrastior?
940 3175 1074 3248 merito
1098 3175 1275 3250 homines
1303 3173 1349 3249 so

275 3267 347 3352 lius
373 3271 496 3349 anhnae
522 3271 556 3344 δι
583 3273 718 3366 carnis,
753 3271 918 3373 spiritalia
942 3273 1132 3368 recusatis,
1161 3273 1349 3351 'cuibusli

183 3377 189 3386 '
271 3369 465 3468 'placerent
495 3372 714 3466 prophetae,
748 3373 819 3446 mei
850 3393 927 3446 non
959 3387 1097 3450 erant,
1141 3371 1221 3448 Cur
1268 3395 1348 3476 ergo

269 3469 356 3546 ¹tlon
387 3467 595 3546 constanter
626 3471 847 3565 praedicatis:
882 3477 1098 3544 manducemus
1125 3484 1162 3550 o·
1197 3479 1349 3552 liam,

278 3575 450 3643 eraserim
468 3575 645 3644 moriamur.
688 3569 801 3645 Sicuti
818 3590 888 3648 llos
904 3591 981 3648 non
997 3571 1202 3648 dubitamus
1227 3589 1350 3650 exerte

277 3667 465 3748 mandare:
497 3669 700 3764 leJunemus
732 3669 862 3746 fratres
893 3673 927 3746 dr
962 3669 1147 3774 sorores,
1168 3698 1221 3750 ne
1257 3677 1349 3751 forte

267 3767 357 3868 feras
388 3768 595 3848 moriemur.
656 3769 775 3847 Palam
798 3769 996 3870 disciplinas
1023 3771 1160 3848 vestras
1187 3777 1350 3850 vindice

145 3982 178 3991 ,
277 3887 388 3968 mus,
420 3887 492 3948 uos
526 3867 617 3948 certi
645 3865 797 3968 sumus,
836 3869 995 3966 eosqui
1026 3875 1065 3950 in
1102 3893 1217 3950 carne
1258 3875 1348 3966 sunt,

1208 3975 1311 4054 Deo
