2572 4336
378 243 454 300 nr
504 221 783 306 Pnntro.
1076 217 1145 304 ir.

1 403 2 440 ³
52 387 149 470 niam
163 383 335 482 quidem,
352 385 491 461 indices
508 385 746 480 custodesque
768 385 948 485 dignitatis
963 378 1121 484 habitur,

1 501 2 506 ‘
50 501 95 566 ot
111 489 291 586 lenocinii
302 483 490 560 *faslitandi
512 488 792 582 impedimenta,
818 485 943 562 sedulo
961 489 1121 582 quadam

1 619 2 636 Ν
53 585 340 664 desuefeceranr.
393 583 446 660 At
467 607 565 660 nunc
579 589 615 660 in
631 585 832 684 semetipsas
848 589 1122 684 lenocinando,

1 719 3 748 ·
54 707 128 785 quo
151 687 296 782 planius
322 685 512 780 adeantur,
548 683 759 780 dalboiam,
785 685 819 761 dr
843 687 1056 784 supparum,
1086 689 1122 762 dt

53 785 308 881 crepidulum,
334 783 367 858 dc
389 785 626 879 caliendrum,
653 785 751 882 ,ipsas
768 806 914 886 quoque
928 787 1001 880 iam
1021 785 1122 863 ledii.

51 903 111 962 ear
133 886 170 959 dr
192 883 298 959 sellas
318 887 419 978 queis
446 887 482 958 in
508 887 656 978 publico
686 907 833 980 quoque
859 883 1053 962 domestico
1077 905 1122 964 ae
1150 973 1151 978 Ν

50 979 192 1062 secrete
214 984 462 1076 habebantur,
486 985 681 1078 ejeravere.
733 985 804 1060 Sed
824 989 911 1058 alius
930 984 1122 1084 exstinguit

49 1077 111 1162 sua
135 1085 297 1178 lumina,
324 1085 420 1182 ‚alius
440 1103 516 1158 non
536 1083 594 1157 sua
616 1085 792 1162 accendit.
842 1083 996 1179 Adspice
1017 1089 1121 1182 lupae

52 1184 286 1280 popularium
298 1183 486 1259 libidinum
501 1183 698 1276 nundinat,
724 1181 813 1277 ipsas
832 1205 978 1278 quoque
997 1183 1122 1263 fricto:

1 1327 2 1330 a
54 1303 127 1362 ces.
178 1279 255 1378 Et,
293 1281 484 1376 srpraestat
508 1287 638 1358 oculos
664 1283 844 1358 abducere
874 1285 918 1358 ab
944 1279 1122 1377 ejusmodi
1160 1307 1165 1328 ’

11 1404 18 1423 ·
54 1383 243 1480 propudiis
264 1381 391 1457 occisae
410 1384 447 1458 in
463 1384 612 1480 publico
630 1382 817 1478 castitatis,
843 1383 984 1478 adspice
999 1395 1122 1461 tanen
1198 1387 1219 1430 ’·

55 1485 117 1559 vel
141 1481 327 1576 sublimis,
348 1483 422 1576 jam
443 1495 626 1557 matronas
649 1483 799 1563 videbis.
852 1479 901 1556 Et
925 1503 1006 1557 cum
1022 1487 1123 1559 latri·

56 1601 181 1659 narum
200 1579 347 1660 antistes
364 1580 513 1658 sericum
527 1585 701 1675 ventilat,
727 1581 1049 1658 &immundiorem
1064 1585 1123 1658 loa

59 1701 106 1758 co
122 1686 306 1756 cervicem
323 1683 521 1756 monilibus
538 1679 758 1774 consolatur,
783 1679 818 1756 ἃ
836 1683 1007 1773 armillas,
1033 1698 1121 1776 quas

61 1803 108 1856 err
124 1781 285 1858 virorum
302 1781 450 1858 fortium
469 1779 575 1859 donia
598 1781 680 1874 ipsa
701 1799 848 1874 quoque
878 1793 1050 1854 matronae
1069 1793 1123 1856 te·
1147 1821 1149 1828 ⁴
1182 1778 1189 1793 '

63 1899 161 1956 mere
176 1877 407 1976 usurpassent,
433 1881 594 1972 omnium
610 1879 864 1976 pudendorum
875 1879 1036 1954 conscias
1051 1901 1125 1958 rna·

65 1999 133 2054 nus
157 1977 295 2073 inserit,
318 1981 463 2074 impuro
489 1983 581 2054 cruri
608 2001 734 2075 purum
761 1994 823 2054 aut
841 1981 1052 2058 mulleolum
1069 1982 1124 2056 in:

64 2075 162 2154 ducit
174 2082 348 2159 calceum.
399 2076 473 2154 Cur
489 2077 574 2156 istos
589 2101 666 2152 non
676 2077 834 2173 speciae?
860 2081 921 2154 vel
935 2079 1018 2154 illos
1033 2081 1121 2157 item

0 2243 1 2246 κ
61 2177 224 2272 habitus,
251 2179 312 2274 qui
335 2179 495 2253 novitati
513 2179 581 2255 suae
600 2177 689 2254 stare
709 2180 920 2277 religionem
943 2181 1123 2255 mentiun-

63 2289 133 2370 tur,
159 2299 240 2356 cum
258 2281 308 2352 ob
325 2281 461 2384 cultum
476 2283 597 2354 omnia
613 2279 854 2372 candidatum,
881 2279 915 2352 dr
932 2283 981 2353 ob
997 2291 1124 2356 notam

62 2381 172 2470 vitae,
210 2377 491 2472 &privilegium
508 2379 638 2475 galeri,
665 2373 788 2456 Cereri
807 2381 1015 2468 initiantur3
1040 2397 1125 2454 cum
1155 2457 1161 2470 ,
1267 2413 1275 2436 =

0 2509 2 2518 ·
63 2481 113 2552 ob
138 2478 312 2552 diversam
334 2475 561 2552 allectionem
581 2481 776 2554 tenebricae
790 2477 920 2565 vestis,
948 2477 981 2552 δι
1004 2479 1129 2552 tetrici
1269 2508 1273 2517 ·

62 2575 167 2674 super
198 2591 309 2674 caput
340 2578 483 2654 velleris
505 2579 543 2652 in
571 2577 730 2653 Bellonae
762 2593 904 2654 mentes
931 2573 1123 2673 lugentum

63 2693 145 2752 cum
165 2679 304 2752 latioris
322 2694 487 2770 purpurae
504 2679 674 2770 ambitio,
701 2677 734 2752 dr
752 2679 892 2777 galatici
907 2679 1050 2752 ruboris
1068 2673 1123 2750 su·

63 2773 232 2872 perjedio
254 2778 446 2850 Saturnum
463 2779 711 2867 commendat3
738 2801 819 2854 curn
835 2775 945 2872 ipsum
962 2775 1035 2852 hoc
1051 2777 1124 2870 pal·

63 2872 149 2952 lium
163 2877 339 2952 moronus
356 2877 573 2970 ordinatum,
600 2877 801 2972 &crepidae
819 2873 1021 2951 Graecarum
1038 2867 1124 2948 Aes-

1 2977 2 2983 ‘
66 2977 208 3070 culapio
227 2975 425 3052 adulantur.
477 2977 628 3078 Quanto
649 2993 738 3052 tunc
759 2981 868 3074 magis
882 2995 1003 3064 arguas
1021 2973 1123 3068 illud,

65 3075 238 3174 &urgeas
256 3078 392 3166 oculis,
419 3073 453 3150 dt
475 3073 499 3150 sr
515 3077 588 3169 jam
603 3077 769 3172 simplicia
794 3071 1054 3151 &inaffectata
1072 3085 1124 3148 ta·

66 3193 149 3252 men
173 3175 432 3270 sirperliitionir
455 3175 587 3253 reum?
611 3173 810 3254 Enimvero
833 3197 912 3251 cum
938 3173 1032 3247 hanc
1056 3171 1125 3268 prl-

2 3306 5 3329 1
67 3295 163 3352 mum
177 3273 384 3368 sapientiam
406 3273 535 3368 vestit,
562 3297 642 3364 quae
664 3277 850 3355 vanillinris
871 3267 1124 3366 ilrperstitioni-

4 3405 11 3426 ·
68 3373 133 3450 bur
155 3377 295 3468 renuit,
323 3391 410 3450 tunc
428 3373 613 3458 certiliime
632 3379 776 3474 pallium
797 3373 900 3472 super
924 3369 1125 3450 carrarias&
1148 3367 1151 3376 ‘

72 3477 197 3568 peplos
213 3473 356 3571 augusta
375 3473 505 3570 vestis,
530 3477 704 3570 superque
729 3497 856 3550 ornnes
880 3473 998 3566 apicea'
1024 3471 1058 3548 dt
1082 3473 1125 3550 ti‘·

3 3605 4 3608 κ
74 3575 166 3648 tulos
190 3571 287 3650 sacer
312 3571 487 3674 suggestua
513 3575 660 3650 deducit
688 3577 830 3654 oculor.
881 3569 1046 3665 Suadeo,
1072 3592 1126 3647 re·
1266 3613 1268 3619 ·

76 3684 196 3846 {terere
220 3675 404 3774 habitum,
428 3677 533 3759 unita
548 3675 692 3762 interim
711 3677 840 3758 emeris
863 3676 915 3755 tui
937 3677 1126 3752 renuncia·

95 3787 202 3854 orem.
336 3840 341 3851 .
601 3783 605 3794 ¹

490 3972 502 4007 ”
562 3944 604 4084 'a
959 3967 1079 4070 ssia
