2926 4372
284 224 330 348 [θ’
365 226 953 318 anviis'usesrearcos.
1034 222 1038 231 ¹
1122 211 1207 337 ipa¹

125 397 385 500 insigniorum,
411 401 541 476 exinde
563 395 884 503 Apostolicarum‚·
903 399 1044 496 tertie,
1068 395 1189 502 sexte,

125 523 245 577 ronae.
299 499 395 576 Hine
416 503 535 594 itaque
557 500 590 572 tr
610 499 755 576 Petrum
778 503 892 574 dicam
913 520 959 575 ex
983 515 1110 574 vetere
1124 524 1191 598 po-

125 601 196 674 n'us
215 597 283 674 usu
301 621 435 676 nonam
457 595 676 692 observasse,
703 603 814 673 tertio
839 615 1002 676 orantem
1021 597 1190 696 supreme

125 701 307 774 orationis
327 719 486 774 numere.
535 699 624 772 Haec
650 713 766 773 autern
785 713 936 794 propter
951 701 1054 796 illos,
1079 699 1189 794 quise

124 813 259 895 putant
280 819 325 872 ex
343 798 461 872 forma
482 794 579 870 Petri
599 815 732 894 agere,
761 821 864 892 quam
886 801 1079 894 ignorant,
1111 819 1189 878 non

124 900 224 994 quest
240 897 442 993 respuamus
453 893 604 990 nonam,
623 899 681 970 cui
696 897 730 971 dr
744 911 869 991 quarta
880 895 1028 990 sabbati,
1044 895 1187 975 &sexta

124 1000 318 1094 plurimum
335 997 531 1094 fungimur:
555 993 623 1071 ¹sed
640 997 722 1090 quin
739 1019 886 1092 eorum,
919 1007 1060 1091 quae'ex
1082 997 1187 1072 tradi·

124 1101 232 1174 tione
260 1095 499 1172 observantur
525 1109 629 1172 tanto
657 1098 766 1192 magis
788 1097 926 1194 dignam
946 1099 1123 1172 rationem
1139 1099 1187 1174 as·

123 1199 225 1273 ferre
247 1197 441 1292 debemus,
475 1212 612 1288 quanto
636 1211 758 1270 carent
780 1193 960 1292 scripturae
980 1193 1186 1294 autoritate,

123 1297 250 1376 donec
277 1297 396 1391 aliquo
422 1295 553 1370 coelesti
577 1297 808 1390 charismate,
842 1313 904 1370 aut
930 1291 1189 1370 confirmentur
1241 1373 1246 1386 ,

123 1415 191 1472 aut
209 1397 456 1495 corrigantur:
482 1395 558 1492 &fi
575 1421 656 1493 qua,
682 1396 821 1490 inquit,
848 1405 1020 1490 rgmran's,
1046 1399 1189 1470 dominus

123 1499 216 1570 vobis
234 1501 397 1572 revelabis.
447 1495 571 1588 ltaque
585 1491 739 1592 seposito
756 1491 1012 1570 confirmatore
1028 1497 1188 1574 omnium

122 1597 278 1674 istorum
293 1595 492 1694 paracleto,
505 1595 595 1668 duce
607 1591 780 1670 universe
797 1591 973 1689 veritatis,
988 1617 1031 1668 an
1048 1595 1188 1693 dignior

122 1697 224 1794 apud
249 1717 318 1770 nos
346 1697 439 1768 ratio
466 1693 634 1768 afferatur
660 1695 697 1767 in
726 1713 859 1770 nonam
890 1695 1102 1770 observandi
1133 1717 1189 1770 re·

122 1799 254 1892 quire,
277 1807 321 1868 ut
342 1797 448 1874 etiam
465 1789 577 1870 Petro
602 1815 644 1867 ea
663 1793 758 1868 ratio
777 1791 1056 1890 deputandam,
1078 1795 1188 1870 fista-

122 1899 232 1972 tione
245 1909 332 1970 tunc
351 1894 490 1969 functus
508 1891 568 1969 est.
622 1893 737 1966 Venit
751 1897 845 1974 enirn
862 1893 906 1967 de
921 1895 1021 1968 exitu
1036 1895 1187 1990 domini,

122 2013 235 2092 quern
258 1995 291 2068 dt
316 1995 340 2069 sr
362 1993 497 2088 semper
523 1995 796 2067 commemorari
820 2008 971 2088 oportet
991 1993 1064 2068 srne
1087 1993 1187 2069 diffe-

121 2095 247 2170 nentia
267 2095 456 2188 horarum,
480 2093 673 2192 impressius
692 2102 831 2186 tamen,
865 2095 1039 2189 cumeis,
1065 2091 1188 2170 secun·

121 2191 215 2272 omn
233 2191 344 2290 ipsum
358 2193 518 2268 stationis
537 2193 759 2265 vocabulum
775 2191 991 2270 addiscimus.
1040 2193 1135 2269 Nam
1153 2193 1189 2269 dt

121 2297 259 2376 milites
282 2313 461 2387 nunquam
480 2295 706 2366 immemores
725 2290 957 2388 sacramenti,
990 2297 1098 2392 magis
1122 2295 1187 2368 sta»
1282 2333 1288 2342 ·

121 2395 291 2468 tionibus
311 2406 470 2492 parent*
511 2391 635 2483 ltaque
658 2391 792 2472 ineam
814 2411 928 2484 nsque
950 2393 1076 2468 horam
1097 2397 1188 2468 cele·

121 2493 265 2570 brunda
281 2491 435 2588 pressura
452 2491 522 2585 est,
547 2491 583 2563 in
602 2511 670 2583 qua
685 2511 704 2562 a
721 2487 820 2563 sexta
833 2493 1113 2566 contenebratus
1130 2513 1188 2566 or·

121 2595 189 2669 bis
205 2591 373 2668 defensio
394 2591 541 2666 domino
559 2591 713 2686 lugubre
726 2589 815 2664 fecit
834 2587 1013 2686 officium,
1038 2605 1081 2665 ut
1098 2602 1188 2667 tunc

121 2693 165 2768 dt
189 2713 258 2768 nos
279 2703 503 2766 revertamur
526 2689 570 2763 ad
591 2691 856 2782 jocunditatem
878 2711 958 2765 cum
983 2691 1187 2767 &mundus

121 2793 489 2886 recepitclaritatem.
542 2789 628 2864 Hoc
654 2787 679 2862 sr
710 2791 819 2888 magis
847 2789 891 2864 ad
913 2791 1122 2888 religionem
1139 2791 1187 2868 sa·

123 2893 185 2990 pit
202 2891 448 2984 christianam,
474 2889 558 2964 dum
574 2891 683 2986 magis
699 2887 825 2963 Christi
843 2891 993 2988 gloriam
1014 2894 1186 2987 celebrat,

123 2989 269 3090 possum
289 3011 388 3085 reque
405 2988 487 3064 serae
510 2987 670 3062 stationis
691 3009 737 3078 err
758 2987 888 3064 eodem
905 2993 957 3063 rei
978 2991 1105 3064 ordine
1124 2991 1188 3064 sta·

124 3109 208 3166 tum
224 3087 356 3188 figere,
383 3104 424 3162 ut
434 3088 636 3184 jejunemus
647 3087 693 3162 ed
705 3083 839 3181 serum,
859 3089 1088 3184 expedientes
1100 3104 1189 3165 tem·

123 3211 196 3288 pus
213 3191 400 3266 dominicae
413 3187 620 3283 sepulturae,
647 3207 730 3260 curn
743 3185 875 3284 Joseph
893 3191 1111 3284 postulatum
1130 3189 1190 3262 de·

122 3291 215 3364 tulit
230 3287 360 3386 corpus
378 3288 599 3364 &condidit
649 3287 737 3361 lnde
750 3287 783 3362 dr
797 3287 1029 3386 irreligiosum
1042 3285 1093 3362 est
1105 3303 1198 3364 ante.

124 3389 344 3466 fariulorum
368 3408 512 3462 carnem
528 3385 737 3484 refrigerare
754 3409 859 3480 quarn
876 3389 1027 3462 domini:
1052 3403 1094 3460 ut
1111 3390 1189 3466 haec

125 3511 177 3564 ex
191 3490 536 3586 argumentationum
549 3489 819 3582 provocatione
835 3487 1088 3584 commiserim,
1102 3509 1188 3564 con·

123 3587 279 3684 J'esturas
296 3583 509 3682 conjetluris
527 3585 561 3660 dr
580 3599 699 3661 tamen
719 3601 810 3681 puto
829 3585 1052 3662 fidelioribus
1070 3607 1190 3684 repere

127 3691 280 3764 cutiens.
330 3689 526 3762 Videamus
547 3705 592 3757 an
613 3685 742 3780 aliquid
758 3689 831 3760 tale
844 3686 951 3760 nobis
970 3689 1014 3764 de
1035 3689 1190 3764 venesta-

125 3789 226 3862 tibus
253 3807 399 3882 quoque
426 3787 687 3879 patrocinetur.
740 3783 781 3860 ln
803 3785 937 3862 Exodo
960 3790 1101 3863 habitus
1127 3787 1189 3862 ille'

126 3887 268 3986 Moysis
291 3883 458 3963 adversis
476 3883 650 3966 Amalech
676 3885 902 3966 orationibus
922 3888 1113 3986 prebeatis
1131 3905 1190 3964 us

949 4005 1142 4122 5q¹¹⁰
