2638 4342
138 257 141 276 .
178 211 252 306 ⁶9⁸
338 205 387 306 Q.
412 199 549 282 serr.
573 199 714 282 Fron.
738 148 1116 294 Terruerunt,

65 363 68 386 '
179 366 430 459 Firmaturque
446 361 519 438 lide
532 363 773 462 signumpetit
787 367 905 441 excita
919 370 1046 460 menti,

182 471 270 570 Quo
290 468 351 540 vel
364 483 439 540 non
454 463 590 560 poster,
612 467 674 538 vel
689 459 807 558 pollet
821 467 969 541 vincere
988 469 1138 564 bellum,
1165 528 1167 536 ,

180 569 310 642 Vellus
329 566 420 638 utin
440 564 584 640 nodtem
597 565 750 657 positum
766 565 810 638 de
824 587 910 640 rore
925 568 1102 662 maderet,

180 663 231 740 Et
245 667 352 740 tellus
367 667 483 740 omnis
504 665 639 738 circum
657 663 783 741 fitcata
799 665 950 760 jaceret,

181 767 268 842 Hoc
287 767 511 840 inimicorum
527 765 677 859 palmam
700 761 901 858 coalescere
916 765 1070 846 mundo:

180 864 304 959 Atque
322 869 452 940 iterum
470 863 548 938 solo
568 866 765 938 remanenti
788 867 924 938 vellere
941 865 1052 960 ficeo,

46 1013 47 1018 Ν
180 967 267 1042 Hoc
288 966 410 1040 eadem
427 966 531 1038 tellus
549 977 690 1038 roraret
704 961 810 1038 nodie
831 965 982 1056 liquore.

181 1065 268 1142 Hoc
284 1069 415 1142 etenim
428 1063 526 1160 signo
543 1063 753 1159 praedonum
767 1061 892 1136 ſtravit
908 1083 1077 1158 acervos,

181 1159 395 1262 Congrellus
410 1166 548 1256 populo
565 1161 713 1255 Christi,
738 1159 811 1236 srne
830 1163 942 1236 milite
958 1167 1090 1258 multo,

182 1263 418 1338 Tercenteno
435 1263 575 1352 equite,
601 1281 769 1336 numerus
789 1259 871 1334 Tau
889 1263 994 1336 litera
1013 1285 1142 1359 graeca,
1244 1306 1249 1318 ·

182 1363 338 1438 Armatis
356 1361 563 1453 facibusque
583 1361 618 1434 dr
637 1363 806 1435 cornibus
826 1380 891 1434 ore
907 1377 1108 1440 canentum.

181 1465 310 1538 Vellus
328 1478 405 1536 erat
420 1464 601 1555 populus,
626 1463 751 1534 ovium
769 1461 813 1534 de
829 1463 958 1534 semine
973 1459 1104 1538 fando.

167 1563 277 1636 ‘Nam
296 1564 403 1636 tellus
420 1563 526 1634 varie
541 1575 686 1658 gentes,
712 1557 864 1652 fusaeque
879 1581 942 1654 per
964 1561 1102 1638 orbem.

180 1664 365 1751 Verbum,
392 1661 490 1756 quod
510 1663 642 1754 nutrit,
668 1656 727 1734 sed
742 1679 818 1732 nox
837 1661 887 1734 est
903 1661 1030 1734 mortis
1045 1661 1183 1760 imago,

182 1761 266 1835 Tau
278 1764 566 1858 signum-crucis,
593 1762 757 1834 &corun
772 1759 953 1853 preconia
970 1759 1069 1853 vite,

181 1859 437 1951 Lucentcsque
457 1861 553 1934 faces
569 1859 604 1932 in
619 1859 779 1955 lychno,
806 1859 945 1952 spiritur
962 1859 1100 1938 ardent.
1251 1854 1255 1864 ’
1314 1897 1315 1906 1

182 1963 328 2034 Scilicet
343 1960 420 2034 hoc.
431 1961 601 2034 testamen
614 1971 693 2032 erat
711 1958 856 2032 virtutis
873 1961 1006 2056 imago,

182 2059 273 2136 Non
286 2059 383 2151 prius
403 2059 559 2154 angelica
578 2058 705 2132 mortis
726 2053 802 2130 sera
820 2057 944 2152 proelia
959 2057 1072 2150 vinci,

92 2230 97 2240 ,
184 2163 303 2256 Quam
317 2160 457 2252 populo
473 2157 619 2230 indocili
633 2157 764 2230 merito
779 2155 840 2230 sua
855 2155 1097 2250 culparentur
1314 2215 1316 2266 p

182 2257 444 2350 Florenterque
458 2253 527 2329 fide
542 2267 666 2352 gentes
682 2255 719 2328 in
734 2255 838 2330 laude
850 2270 1016 2352 recepte.
1314 2297 1316 2354 p

182 2355 359 2432 Debbora
373 2358 458 2449 quin
475 2358 600 2432 mulier
619 2351 722 2449 super
738 2375 882 2430 omnem
898 2357 1049 2430 maxima
1060 2355 1212 2458 famam,
1314 2357 1316 2458 j

183 2457 254 2532 Pro
269 2457 383 2549 patria
400 2477 476 2548 quae
496 2458 669 2552 belligero
686 2455 832 2530 subnixa
849 2455 978 2550 labori,
1314 2497 1316 2510 ·

29 2597 40 2616 s
79 2642 80 2650 Ν
181 2557 312 2650 Stipite
326 2553 387 2628 sub
401 2559 523 2650 palme
538 2557 711 2648 populum
726 2553 849 2631 vieille
865 2555 1029 2650 canebat,

183 2659 420 2750 Quapropter
439 2653 524 2728 victi
540 2654 639 2729 simul
653 2651 772 2730 hostes
787 2667 888 2750 terga
907 2653 1061 2730 dedere:

183 2753 294 2828 Sisara
312 2753 385 2829 dux
400 2747 513 2848 fugit,
539 2754 598 2826 cui
616 2775 692 2828 non
711 2753 789 2846 vir,
815 2775 884 2828 nec
900 2769 1025 2830 mutua
1041 2753 1116 2830 ulla

41 2863 44 2871 '
181 2849 338 2928 Restitit
385 2851 459 2944 ¹Hic
477 2851 558 2926 Baal
578 2851 705 2928 Christi
724 2849 876 2928 victoria
892 2853 991 2950 signo

182 2947 362 3048 Exemplo
382 2951 539 3048 refuga,
565 2951 701 3026 devicit
719 2949 861 3028 foemina
879 2953 991 3050 ligno.

182 3051 314 3148 Jephta
327 3047 398 3124 fide
410 3047 533 3144 firma,
558 3053 618 3143 qui
636 3051 727 3129 duro
747 3054 897 3128 vulnere
915 3067 1046 3130 votnm

183 3149 301 3224 Ausus
314 3151 515 3226 mercedem
531 3151 613 3226 belli
629 3149 715 3224 Deo
732 3151 851 3226 dicere
864 3153 1054 3250 grandem

183 3249 256 3324 Hic
274 3249 356 3341 qnia
368 3271 445 3342 quae
461 3268 537 3324 non
555 3251 637 3322 vult
653 3250 854 3343 Dominnr',
880 3249 1090 3346 promiserat
1103 3271 1256 3361 amens,

173 3347 360 3428 ,Occurrit
373 3349 489 3441 primo
505 3369 623 3424 carum
637 3349 700 3424 sibi
719 3349 864 3446 pectore
875 3353 1017 3448 pignus,

181 3443 284 3518 Nulli
301 3445 437 3540 sperata
457 3448 587 3520 cecidit
600 3449 698 3541 quod
711 3447 808 3524 sorte
820 3464 985 3546 repente,

181 3541 391 3620 Promillum
409 3545 593 3640 ornaret,
618 3545 729 3621 solvit
743 3551 802 3642 pia
812 3550 893 3642 iura
907 3551 1080 3649 pereutit,

180 3643 325 3716 Peccati
343 3659 472 3719 votum
487 3647 652 3720 uiolenta
665 3662 786 3722 mente
801 3651 969 3744 coperuit

181 3740 344 3816 Immanis
362 3745 490 3836 timor,
517 3747 655 3822 orbate
672 3743 796 3824 solatia
808 3752 894 3822 vite

180 3835 253 3914 Pro
271 3835 404 3919 scelere
422 3843 580 3924 obdurat
591 3842 741 3947 famam,
764 3867 837 3948 pro
850 3843 999 3932 etimne
1011 3851 1173 4032 mill„

1148 3977 1204 4038 ec
1229 3989 1235 3996 ,
