2602 4336
107 233 110 242 ‚
164 136 259 292 350¹
309 191 1075 325 Q.Srrr.l²aon.Taaruua1nnr

159 379 218 434 res
231 357 468 450 videbantur,
486 356 593 432 &ille
610 355 732 430 versus
746 355 887 452 Orphei
901 357 964 432 vel
976 353 1232 452 Empedoclis:

160 477 313 550 namque
336 457 492 531 hominis
519 456 656 554 sanguis
684 457 986 534 circumcordialis
1013 457 1065 530 est
1091 455 1229 552 sensus,

161 558 270 632 edam
287 557 531 653 Protagoras,
558 558 665 630 etiam
686 553 938 650 Apollodorus
958 554 1230 652 &Oluyiippus

160 659 238 732 hec
256 655 415 750 sapiunt,
448 672 491 730 ut
512 657 575 730 vel
596 660 639 730 ab
662 655 734 730 istis
759 654 898 730 retusus
914 653 1145 750 Asclepiades
1171 677 1229 732 ea·

160 777 243 856 pras
260 753 338 830 suas
356 758 585 848 querat-ime
600 756 712 829 corde
731 758 913 848 balantes,
941 756 974 829 δι
992 755 1128 832 muscas
1148 755 1229 832 suas

162 857 282 954 abigat
303 857 375 930 srne
398 857 515 948 capite
533 858 749 930 volitantes:
775 857 811 928 dc
827 877 954 930 omnes
971 856 1043 949 jam
1061 855 1175 933 sciant
1193 853 1229 932 se

160 957 285 1052 potius
303 956 375 1032 stne
394 956 507 1028 corde
530 955 565 1027 dc
587 957 738 1028 cerebro
761 956 913 1048 vivere,
948 957 1009 1046 qui
1028 955 1227 1049 dispostio-

160 1077 245 1130 nent
269 1058 392 1130 aniane
417 1056 579 1130 humanae
605 1057 650 1128 de
680 1055 891 1130 conditione
919 1052 1108 1130 bestiarum
1139 1067 1228 1152 pra:-

156 1155 411 1252 judicaverint
1156 1226 1161 1234 .

244 1260 300 1331 16.
324 1254 387 1329 Est
410 1255 444 1328 dt
464 1253 554 1328 illud
575 1253 620 1326 ad
636 1251 745 1328 fidem
766 1251 973 1348 pertinens,
1002 1253 1102 1346 quod
1120 1253 1227 1332 Plato

160 1357 323 1434 bifariam
343 1356 497 1448 partitur
522 1355 692 1447 animam,
712 1373 782 1447 per
802 1354 1014 1428 rationalem
1033 1356 1068 1428 dt
1084 1357 1229 1431 irratio·

160 1461 290 1533 nalem.
342 1454 411 1528 Cui
433 1452 638 1528 definitioni
661 1454 695 1528 dt
717 1475 786 1526 nos
807 1454 947 1544 quidem
967 1455 1228 1550 adplaudimus,

161 1555 223 1632 sed
245 1577 322 1632 non
343 1571 387 1630 ut
409 1570 544 1630 naturae
570 1556 762 1647 deputetur
785 1569 988 1645 utrumque.
1048 1555 1228 1640 Naturale

163 1659 259 1732 enim
272 1655 449 1730 rationale
465 1655 683 1730 credendum
697 1651 768 1745 est,
788 1651 888 1744 quod
903 1656 1026 1728 anima
1042 1659 1228 1749 aprimor·

161 1759 224 1832 dio
236 1757 280 1830 sat
290 1757 510 1852 ingenitum,
529 1752 733 1828 stationali
747 1753 923 1828 videlicet·
932 1754 1087 1830 audiore.
1126 1757 1226 1872 Quid

163 1859 260 1933 enim
279 1877 356 1928 non
372 1857 571 1945 rationale,
599 1855 698 1944 quod
715 1853 815 1926 Deus
831 1851 923 1945 jussu
943 1875 1089 1946 quoque
1106 1858 1227 1932 edide-

161 1959 231 2048 rit,
258 1955 389 2029 nedum
410 1955 448 2026 id
466 1953 566 2046 quod
581 1955 729 2046 proprie
743 1952 876 2026 adflatu
890 1953 953 2026 suo
970 1954 1151 2032 emiserit?
1175 1959 1227 2032 ir·

160 2056 338 2130 rationale
356 2065 475 2128 atatem
491 2049 667 2146 posterius
688 2051 958 2148 intelligendum
973 2053 1045 2148 est,
1072 2072 1115 2128 ut
1128 2061 1229 2150 quod

163 2153 334 2230 acciderit
349 2173 394 2228 ex
411 2151 581 2246 serpentis
597 2151 783 2245 instiniiu,
809 2153 920 2246 ipsum
936 2155 1022 2226 illud
1037 2157 1227 2254 transgres-

161 2255 270 2334 sionis
285 2249 479 2346 adnu'slum,
491 2266 600 2344 atque
610 2253 740 2326 exinde
753 2254 995 2328 inoleverit&
1007 2257 1229 2332 coadoleve-

161 2355 262 2430 ritin
279 2353 394 2428 anima
415 2351 565 2428 adinstar
582 2353 654 2446 jam
674 2353 932 2447 naturalitatis,
959 2358 1041 2446 quia
1057 2355 1173 2432 statim
1188 2360 1227 2436 in

161 2468 298 2530 natura
311 2453 511 2546 primordio
525 2454 667 2532 accidit.
710 2453 879 2528 Ceterum
892 2475 1001 2544 quum
1013 2457 1108 2544 idern
1120 2457 1227 2534 Plato

162 2554 277 2632 solum
291 2553 468 2628 rationale
484 2553 603 2648 dicat,
634 2565 677 2628 ut
696 2555 734 2628 in
749 2557 863 2628 anima
877 2553 949 2628 Dei
962 2557 1089 2650 ipfius,
1114 2557 1227 2639 finos

109 2667 112 2676 “
163 2655 271 2728 etiam
286 2653 493 2728 irrationale
506 2669 642 2728 naturae
658 2652 960 2748 adsumpserimus,
986 2677 1090 2748 quam
1104 2679 1124 2730 a
1140 2658 1227 2733 Deo

163 2753 279 2830 anima
305 2753 428 2828 nostra
449 2751 575 2829 sortite
599 2753 677 2848 est,
714 2775 814 2846 eque
839 2755 1048 2831 irrationale
1069 2755 1116 2830 de
1139 2759 1227 2839 Deo

164 2853 251 2930 erit:
276 2865 409 2947 utpote
429 2855 613 2948 naturale,
640 2853 723 2946 quia
739 2865 874 2928 naturae
890 2854 991 2930 Deus
1016 2855 1139 2930 audior
1163 2859 1227 2938 eli

111 3017 117 3028 .
163 2951 235 3028 Sed
256 2953 353 3030 enirn
373 2975 394 3026 a
411 2951 576 3038 Diabolo
597 2954 756 3030 immissio
777 2953 913 3030 delicti:
938 2957 1147 3032 irrationale
1167 2981 1228 3034 aua

12 3085 17 3094 ·
161 3067 239 3130 tem
262 3073 370 3128 omne
395 3052 584 3130 delistum:
617 3055 726 3152 igitur
747 3077 767 3128 a
785 3055 932 3128 diabolo
953 3057 1179 3153 irrationale,
1206 3081 1229 3136 e

136 3235 140 3258 ἃ
162 3175 238 3247 quo
258 3153 293 3228 dt
311 3151 497 3248 dalmtun,
524 3167 734 3232 extraneum
748 3176 769 3228 a
783 3153 867 3230 Deo
887 3177 908 3228 a
926 3177 998 3248 quo
1017 3156 1068 3230 est
1084 3159 1228 3234 irratio.

160 3254 245 3332 nale
261 3254 425 3328 alieniun.
484 3254 642 3330 Proinde
657 3254 841 3331 diverfitas
859 3257 988 3330 horum
1004 3277 1049 3330 ex
1065 3257 1229 3335 distantia

163 3351 359 3440 auiiorum.
426 3351 583 3428 Proinde
607 3375 688 3428 cum
710 3353 814 3428 Plato
836 3353 903 3430 soli
926 3355 1013 3430 Deo
1041 3355 1227 3458 segregans

160 3453 360 3548 rationale,
388 3454 461 3530 duo
487 3475 618 3552 genera
643 3453 836 3530 subdividit
861 3477 907 3532 ex
931 3457 1149 3535 irrationali:
1175 3463 1228 3536 ina

161 3551 386 3650 dignativum
408 3555 507 3646 quod
524 3555 704 3648 appellant
723 3559 889 3646 evaeo,
917 3556 951 3630 ἃ
971 3559 1228 3653 concupiscens

161 3654 281 3728 tivum
305 3655 411 3745 quod·
431 3671 569 3728 vocant
590 3651 861 3736 insinuarunt:
899 3671 943 3730 ut
968 3657 1057 3732 illud
1083 3659 1227 3752 quidem

163 3771 353 3832 commune
367 3753 409 3828 fit
420 3757 527 3830 nobis
543 3753 768 3848 &leonibus,
779 3755 871 3830 istud
884 3777 976 3832 vero
990 3779 1072 3832 curn
1084 3757 1227 3857 muscis,

122 3888 127 3908 ι
161 3851 339 3926 rationale
354 3873 469 3947 porro
487 3857 695 3934 eunuco:
709 3856 832 3952 ¹video
851 3856 945 3937 dade
957 3860 1036 3936 lior
1053 3859 1141 3938 nihi
1155 3859 1229 3959 elle

1066 3973 1178 4036 retra·
