2586 4334
202 230 756 312 -or‘Rrsunnrcrronr
786 223 983 312 ernurs.
1046 259 1130 340 ,5p9

65 394 223 470 suumn.
288 395 379 472 Non
401 407 520 472 tamen
543 398 657 470 carnis
680 395 944 474 restitutionem
967 399 1129 496 negarit,

65 493 438 590 ficompensationem
452 499 626 572 mercedis
643 495 833 592 opposuit,
860 497 1017 591 cumipfi
1032 521 1130 576 com·
1175 539 1179 562 ·

64 595 229 692 pensatio
251 597 447 689 debeatur,
475 595 532 670 cui
550 594 731 670 dissolutio
755 611 969 692 reputatur,
994 597 1130 676 scilieet

54 697 178 772 carni.
229 695 299 770 Sed
324 697 405 788 quia
425 697 571 770 domum
596 695 757 788 dixerat,
790 717 956 792 carnem,
988 699 1128 798 elegan-

64 808 123 872 ter
139 797 262 870 voluit
277 795 311 868 ds
326 795 365 870 in
377 789 551 870 mercedis
573 795 845 888 comparatione
862 794 1044 872 vocabulo
1064 799 1127 874 do·

64 917 146 972 mus
170 897 251 988 uti,
285 895 346 991 ipli
370 895 492 970 domui
509 915 586 989 quae
601 893 813 968 dillolvetur
834 917 899 990 per
919 896 1125 996 pastionem,

63 994 254 1072 meliorem
276 995 423 1069 domum
447 993 703 1088 repromittens
730 1015 795 1090 per
819 993 1126 1076 resurrediionem.

64 1093 164 1170 Nem
184 1095 218 1168 ds
238 1093 403 1168 dominus
426 1096 542 1168 multas
566 1095 736 1193 munsterus
765 1096 858 1188 quast
884 1095 1010 1172 domus
1032 1097 1127 1190 apud

53 1209 206 1288 patrem
238 1197 487 1289 repromittit,
522 1215 731 1288 quemquem
762 1216 830 1269 nec
861 1195 907 1269 de
939 1193 1125 1276 domicilio

52 1293 189 1370 *mundi
206 1293 327 1388 potest
341 1295 515 1391 intelligi,
542 1292 803 1386 quo'diffoluto
816 1293 1057 1370 aetemasedes
1070 1316 1127 1371 re·

51 1396 300 1488 ,promittetur
318 1395 355 1468 in
376 1396 494 1488 coelis,
528 1395 609 1486 quia
632 1394 665 1468 dt
687 1416 764 1486 quae
782 1393 977 1488 sequuntur
991 1395 1035 1471 ad
1050 1414 1125 1470 car·

52 1513 149 1568 nem
167 1491 349 1573 murifeste
364 1495 581 1587 pertinentia
600 1492 814 1586 ostendunt,
847 1495 969 1586 priora
986 1517 1062 1570 non
1081 1495 1127 1572 ad

59 1613 207 1668 carnem
230 1596 422 1686 pertinere.
468 1591 696 1668 Divisionem
719 1593 812 1667 enim
837 1594 923 1668 facit
940 1593 1123 1688 apostolus
1253 1671 1258 1680 ,

63 1713 149 1768 tum
175 1687 334 1786 subjicit:
367 1715 444 1764 nam
467 1691 507 1771 (5
531 1694 587 1764 luc
607 1699 757 1788 gemimus
780 1695 965 1766 domicilium
986 1695 1125 1793 nestrum
1255 1748 1260 1764 .

60 1797 143 1894 qued
164 1793 200 1864 de
221 1793 292 1864 celo
310 1793 373 1890 esi,
399 1792 590 1890 fisperiudur'
610 1795 838 1890 deffluentes,
859 1795 1010 1890 fiqur'dem
1033 1801 1126 1868 exuli

60 1919 130 1968 non
151 1896 229 1964 nudi
251 1897 480 1978 inveniamur,
512 1893 644 1984 idest,
677 1905 761 1968 ente
783 1895 951 1968 volumus
970 1891 1125 1990 superin-

60 1994 175 2072 duere
204 1995 377 2068 virtutem
407 1991 583 2066 coelestem
615 1994 844 2086 eternitatis,
879 2014 985 2085 quam
1017 2015 1126 2068 earne

52 2113 256 2170 exuamur:
281 2091 384 2184 hujus
399 2095 493 2166 enim
512 2093 871 2188 gratiaeprivilegium
886 2093 969 2168 illos
988 2109 1125 2188 manet,

52 2195 125 2288 .qui
146 2193 191 2266 ab
213 2191 373 2266 adventu
394 2191 529 2267 domini
551 2191 862 2286 deprehendentur
878 2193 915 2266 in
935 2213 1063 2288 carne,
1091 2193 1125 2268 tr
1143 2245 1158 2292 ,
1182 2195 1184 2200 ’

54 2303 217 2388 ‚propter
251 2290 397 2366 duritias
428 2307 633 2385 temporum
667 2291 860 2366 antichristi
892 2294 1125 2367 merebunnrr

63 2389 284 2486 compendio
306 2391 435 2464 mortis
457 2411 520 2486 per
537 2391 817 2467 demutationem
838 2389 1020 2485 expuntiae
1038 2413 1126 2466 con-

62 2511 211 2568 currere
234 2512 316 2566 curn
333 2489 594 2586 resurgentibus
602 2531 619 2586 ,-
649 2489 739 2566 ficut
755 2487 1124 2576 Thelialonicensrbus

61 2590 207 2667 scribit:
241 2595 306 2662 Her
322 2595 407 2673 enirn
424 2593 552 2662 dicimus
572 2591 660 2662 vebis
674 2596 712 2662 in
725 2591 867 2682 sermome
881 2593 1018 2678 domiui,
1045 2593 1126 2690 qued
1256 2634 1262 2647 ι

61 2717 122 2766 rus
142 2697 199 2791 qui
215 2697 380 2780 uiuimus,
406 2695 461 2788 qui
475 2715 669 2762 remanemus
685 2695 722 2786 in
740 2695 883 2763 adventu
896 2693 1033 2790 demini,
1060 2715 1126 2764 nen

59 2795 419 2892 praeveniamusque·
433 2791 641 2864 dormierunt.
677 2787 915 2888 Quoniamr'psr
928 2795 1074 2866 domiuus
1086 2797 1126 2864 s‘n

52 2891 145 2994 -juffu
165 2894 205 2968 di
227 2898 265 2964 r'rs
286 2917 360 2964 'uoce
380 2891 483 2987 angeli
508 2891 545 2969 o
565 2894 642 2964 ruba
659 2896 723 2964 Dei
742 2893 897 2982 descendet
916 2895 952 2964 de
973 2893 1059 2980 celo,
1085 2891 1126 2970 di
1223 2916 1225 2926 ’

1 3064 2 3076 ,
50 2997 186 3066 rrrsrtur'
202 2998 241 3064 r'n
257 2991 379 3089 curello
402 2993 562 3088 resurgent
577 2995 685 3090 primi.
742 2996 868 3062 Dehinc
888 3017 946 3063 nes
967 3017 1035 3064 cum
1053 2993 1126 3089 ipfts

61 3100 226 3194 rapiemur
244 3097 282 3164 in
295 3093 572 3210 nubibusuebur'sm
591 3093 714 3191 chrisio
730 3090 769 3168 (5
787 3097 840 3164 ilo
851 3095 967 3188 [emper
983 3117 1051 3163 sum
1071 3095 1125 3164 ds·

60 3219 150 3268 mm
165 3217 291 3266 mmm.

48 3349 55 3359 .
136 3315 198 3386 42.
211 3292 354 3368 Horum
367 3290 649 3368 demutationem
663 3291 707 3366 ad
714 3289 926 3364 Corinthios
942 3288 1059 3363 reddit
1075 3289 1125 3363 di·

51 3415 163 3471 tent.
216 3397 331 3464 Omnes
351 3393 473 3491 quidem
497 3395 705 3488 resurgemus,
736 3417 801 3464 non
824 3409 930 3464 aurem
950 3415 1054 3461 omnes
1073 3393 1125 3464 de·
1228 3411 1235 3424 '

49 3492 273 3596 -urutalr‘mum
297 3497 336 3564 s'rt
355 3507 477 3579 meme,
503 3499 540 3564 in
558 3511 771 3564 momentaneo
791 3513 874 3563 meru
896 3492 996 3582 oculi,
1024 3495 1060 3560 in
1071 3516 1125 3562 rso·

62 3599 102 3670 ni
130 3617 196 3666 rna
218 3595 310 3666 ruia.-
337 3589 407 3666 Sed
427 3591 478 3666 illi
498 3592 632 3668 scilicet
656 3592 721 3667 soli
747 3595 807 3684 qui
832 3591 1062 3666 invenientur
1087 3593 1125 3666 in

0 3750 2 3769 .
52 3717 184 3772 tame.
242 3693 432 3779 Etmorrui,
459 3693 594 3787 inquit,
617 3693 798 3786 resurgent,
819 3715 875 3762 nos
886 3692 1124 3766 clementium.

51 3797 146 3874 -Hac
163 3811 254 3887 ergo
272 3795 368 3887 prius
386 3791 566 3888 positione
581 3790 765 3888 prospedle
783 3791 918 3882 reliqua
932 3789 1123 3864 revocabis

0 3916 2 3971 l
50 3897 109 3973 -sd
132 3895 356 3990 superiorem
376 3891 526 3976 sensum.
574 3893 685 4066 gam·
712 3912 791 3966 cum
818 3891 953 3984 adjicit:
995 3894 1125 3986 Oportet

622 4015 645 4064 O
674 4015 692 4064 2
785 4037 787 4047 ¹
990 4013 1075 4060 mim
1161 4005 1166 4020 '
