2638 4342
327 246 331 254 ·
416 222 755 334 cunutus.
1043 227 1115 322 69r

58 381 233 462 Gentibus
251 381 511 478 expectatam
528 381 693 482 promili‘a
706 382 860 460 veniret.

105 508 136 577 3.
163 483 250 558 Dux
266 487 391 580 populi
407 485 555 580 Moses,
580 489 639 580 qui
655 485 775 560 limina
790 484 886 580 regis
905 483 1023 583 liquit,

56 581 230 680 spernens
254 585 396 658 divitias
412 584 585 658 florentes
602 599 768 678 tempore
784 601 916 678 parvo,

54 683 185 760 Maluit
204 681 350 756 affliuus
365 685 491 778 populi
512 701 659 778 portare
675 685 817 757 labores

55 781 211 858 Subnixa
227 783 397 876 cervice,
421 786 524 858 minis
544 805 621 858 non
636 785 782 858 territus
799 783 893 876 ullis,

57 885 173 986 Quum
187 881 429 976 suidelicias,
455 885 655 976 multosque
673 883 858 958 remittere
872 901 1022 980 poenus,=
1160 891 1163 898 ’

54 979 122 1058 Pro
144 1003 340 1080 magnaque
354 979 446 1074 fide,
471 1003 540 1076 pro
560 996 664 1056 tanto
678 983 787 1056 mirus
804 1003 940 1078 amore,

53 1079 219 1155 Armatus
237 1083 374 1156 virtute
389 1081 461 1154 Dei
477 1083 649 1179 magnalis
665 1081 773 1180 geliit.

53 1179 220 1256 Percullit
238 1193 383 1278 gentem
397 1183 530 1277 plagis,
555 1193 757 1275 terramque
771 1181 929 1276 reliquit,

55 1277 255 1354 Coniuudit
267 1300 386 1378 regem
405 1281 530 1356 durum
544 1282 790 1376 populumque
804 1281 954 1358 reducit

56 1377 382 1472 coemiterium,
406 1379 526 1454 hostes
539 1381 752 1456 demersrtin
765 1379 883 1475 undis,

54 1477 157 1554 Fecit
172 1499 296 1570 aquam
314 1479 454 1554 dulcem
467 1501 531 1574 per
547 1481 702 1577 lignum,
727 1479 863 1573 semper
881 1501 1049 1560 ammam:
1172 1570 1174 1586 Ι

13 1667 14 1670 p
54 1577 145 1653 Cum
164 1574 289 1652 Christi
305 1580 446 1676 populo
467 1579 650 1655 manifeste
668 1579 780 1654 multu
797 1581 957 1676 locutus,

13 1703 14 1708 ¹
56 1675 165 1772 Cujus
181 1677 226 1752 de
240 1677 332 1752 facie
345 1679 434 1772 lux,
462 1679 611 1752 &nitor
629 1699 695 1752 ore
711 1679 860 1772 refulsit,

55 1775 255 1871 Acceptum
271 1779 386 1876 legem
402 1797 466 1870 per
482 1798 617 1872 paucos
632 1777 725 1852 fudit
738 1779 776 1852 in
791 1779 931 1872 orbus,

54 1861 227 1970 Exempla
245 1877 436 1972 implicita,
453 1879 683 1974 propriorum
700 1891 799 1951 certo
816 1879 993 1971 laborum,

52 1973 219 2052 Perculiit
234 1987 393 2072 petram,
416 1973 524 2069 juiius
542 1997 687 2072 quoque
702 1977 847 2052 flumine
868 1977 975 2072 fudit,

51 2069 297 2170 Extenditque
312 2098 459 2172 munus,
484 2091 526 2152 ut
543 2077 643 2174 srgno
661 2077 827 2153 vinceret
846 2077 996 2154 hostem.

53 2176 185 2252 Omnia
203 2175 249 2252 de
267 2174 430 2268 Christo,
455 2195 520 2271 per
538 2177 714 2252 Christum
729 2175 855 2250 cuneta
869 2178 1077 2270 loquuntur.

49 2275 124 2350 Hic
138 2277 274 2369 probus
293 2275 328 2350 dt
349 2297 496 2374 magnus
511 2297 593 2352 cum
608 2277 719 2352 laudis
739 2297 827 2372 pace
843 2277 996 2371 quieuit,

51 2373 107 2452 At
119 2373 218 2471 Jesus
235 2373 345 2450 Nove
360 2373 475 2469 lilius,
502 2375 614 2449 Auses
629 2389 713 2449 ante
730 2389 897 2468 vocatus,

50 2473 204 2568 Spiritus
218 2475 315 2550 hunc
333 2471 469 2550 sanum
488 2472 622 2548 socium
641 2475 703 2548 fibi
718 2475 865 2548 nomine
877 2474 1013 2568 junxit,

51 2573 150 2650 Hinc
162 2571 313 2650 fluvium
325 2571 446 2668 scidit,
474 2573 694 2669 &populum
710 2574 857 2648 transire
873 2575 1009 2671 coegiq

50 2672 243 2749 Distribuit
256 2688 387 2750 terram
402 2675 531 2772 gratis,
557 2672 722 2772 promissa
740 2687 901 2768 patema,
1060 2709 1061 2714 Ν
1118 2673 1122 2680 ’

49 2773 175 2848 Solem
190 2795 271 2848 curn
281 2777 368 2850 luna
383 2773 529 2872 statuit,
556 2775 639 2850 dum
654 2773 821 2850 vinceret
843 2771 995 2867 bostem,

48 2869 202 2968 Expulit
214 2887 380 2950 externas
393 2889 538 2972 gentes,
563 2877 774 2969 prolemque
789 2875 984 2970 gigantum,

13 3031 14 3072 ,
49 2971 202 3050 Excidit
220 2973 343 3067 lucos,
370 2993 447 3048 etas
464 2971 644 3068 &templa
660 2971 810 3068 subegit,

13 3073 15 3182 l
49 3073 186 3150 Omnia
198 3072 356 3171 legitima
371 3069 674 3148 solemniamente
689 3073 838 3168 peregit.

13 3193 15 3246 l
47 3171 223 3254 Nominis
236 3173 439 3268 exemplum
457 3169 612 3268 Christi,
637 3173 782 3245 virtutis
796 3171 925 3266 irnago.

64 3335 72 3354 .
99 3296 140 3363 4.
166 3273 264 3376 Quid
283 3271 327 3347 de
341 3271 525 3369 Judicibus
534 3271 667 3366 populi
684 3291 749 3366 per
765 3270 899 3367 fingula
914 3269 1042 3367 dicam,

49 3373 224 3546 suorum
240 3369 718 3448 virtutesflconscribantur
732 3370 771 3444 in
788 3389 912 3463 unum,
1124 3431 1131 3444 .

92 3473 263 3546 erborum
278 3469 397 3568 spacio
411 3469 798 3546 numerosavolurnina
815 3467 1012 3562 complent.
1040 3498 1043 3512 ·

47 3571 289 3647 Attamenex
304 3571 425 3648 multis
439 3589 638 3666 paucorum
651 3569 770 3646 dicere
789 3569 915 3663 vitam,

49 3667 231 3768 Corporis
246 3671 413 3768 explendi
426 3673 626 3746 verborum
639 3669 795 3765 postulat
807 3668 911 3743 ordo.

47 3765 110 3844 Er
125 3771 253 3868 quibus
271 3785 312 3846 ut
330 3771 506 3865 Gedeon,
525 3768 597 3846 dux
612 3771 782 3866 agminis,
802 3789 885 3845 scer
900 3769 939 3844 in
954 3761 1109 3860 bostem,

46 3865 148 3952 Non
157 3871 298 3950 virtute
310 3869 373 3950 sut
388 3873 539 3956 tutelam
551 3870 727 4046 {quirem
744 3869 843 3974 genti
986 3961 1027 4040 F·

113 4037 119 4046 .
468 3995 472 4002 ’
593 3990 619 4046 x
644 3989 666 4046 2
728 4025 733 4045 ,
1016 3983 1061 4038 rr·
