2540 4334
150 203 232 280 ‘rao
321 199 373 300 Q.
398 193 528 276 Sar'r.
550 193 688 274 reon.
713 193 1051 273 Trnrutttnur
1130 182 1143 215 ⁹

155 361 321 437 Secunda
340 361 470 434 iterum
488 357 622 453 species
645 356 899 434 confideranda
911 357 965 434 est
978 375 1079 452 pura
1093 355 1237 430 voiun-

152 463 255 536 tatis.
306 461 400 532 Vult
417 479 486 532 nos
507 459 609 534 Deus
633 461 696 533 srbi
718 459 847 554 placita
870 461 907 532 in
928 461 1055 552 quibus
1073 477 1156 530 non
1179 457 1235 530 in·

157 561 342 658 dulgentia
358 573 528 654 operatur
543 561 810 653 patrocinatur,
835 559 895 633 sed
913 558 1095 653 disciplina
1113 556 1237 628 dorni·

33 665 35 670 '
152 677 275 744 natur.
327 657 364 730 Si
385 675 506 731 tamen
529 659 618 751 alia,
644 659 708 732 ista
724 661 901 754 proponit
919 660 1043 752 utique
1062 677 1143 748 quae
1162 677 1237 728 ma·

158 759 212 859 gis
236 759 347 854 vult,
375 757 568 834 dubiumne
592 755 643 832 est
664 781 705 832 ea
730 761 837 832 nobis
862 759 1015 833 taxanda
1034 753 1125 850 effe,
1156 774 1239 848 quar

157 861 321 950 mavult,
343 879 452 950 quarn
474 879 538 951 ea,
565 879 641 950 quae
662 859 777 932 minus
801 858 909 933 vuit?
943 857 1018 952 Qui
1036 858 1103 930 alia
1117 855 1234 954 magia

156 961 272 1050 vuit,
304 957 459 1051 proinde
476 959 640 1032 habenda
657 955 764 1052 sunt,
789 979 872 1034 narn
892 955 1143 1048 ostendoquae
1163 978 1238 1030 ma·

159 1061 214 1158 gis
230 1059 334 1150 velit,
346 1059 522 1132 minorem
536 1059 767 1132 voluntatem
782 1059 920 1151 majore
933 1059 1079 1132 deleuit.
1107 1053 1239 1154 Quan-

151 1165 276 1250 'toque
289 1157 431 1230 notitiae
444 1171 515 1231 tuae
529 1169 717 1250 utramque
727 1155 931 1252 proposuit,
944 1171 1049 1234 tanto
1066 1153 1240 1230 definivit

159 1257 200 1336 id
221 1271 259 1330 te
283 1255 404 1329 tettan
429 1257 593 1352 debere,
626 1258 726 1350 quod
753 1257 896 1354 paravit
919 1271 958 1331 te
984 1253 1093 1353 magis
1125 1257 1238 1334 velit.

64 1435 68 1450 ,
160 1353 263 1453 Ergo
278 1357 303 1430 sr
318 1355 402 1429 ideo
424 1355 447 1430 d
545 1357 622 1430 avit
634 1359 689 1430 uti
703 1354 865 1453 sederis,
893 1356 992 1450 quod
1008 1357 1120 1454 magis
1138 1357 1239 1450 vult,

160 1455 237 1534 fine
260 1455 372 1528 dubio
394 1456 457 1530 nis1
552 1456 661 1551 facis,
689 1475 819 1532 contra
838 1461 1068 1532 voluntatem
1089 1458 1177 1550 ejus
1196 1457 1239 1531 sa·

94 1634 106 1656 θ
162 1557 244 1654 pis,
271 1554 440 1648 sapiendo
455 1573 584 1631 contra
598 1559 781 1653 potiorem
799 1557 874 1650 ejus
892 1561 1148 1650 voluntatem,
1169 1578 1238 1630 ma

163 1655 290 1754 gitque
313 1653 468 1728 offendis
492 1677 596 1749 quam
621 1659 849 1751 promereris.
911 1655 1023 1756 Quod
1052 1657 1140 1730 vult
1168 1657 1238 1750 qui·

164 1755 248 1831 dem
266 1753 457 1850 faciendo,
490 1760 652 1849 mavult,
678 1755 903 1850 respuendo,
931 1779 977 1830 ex
1001 1769 1106 1850 parte
1128 1755 1238 1830 delin-

165 1857 270 1950 quis,
296 1875 373 1926 non
399 1869 519 1930 tamen
545 1857 773 1949 promereris.
837 1857 954 1931 Porro
971 1855 1013 1929 'tr
1036 1857 1239 1950 promereri

142 1957 296 2047 attolle,
334 1953 542 2046 delinquere
567 1956 627 2030 est.
679 1955 882 2032 Secundum
906 1959 1028 2052 itaque
1053 1957 1240 2030 matrimo

165 2055 268 2129 nium
282 2052 307 2126 sr
322 2075 367 2124 ex
384 2053 442 2126 illa
461 2053 534 2126 Dei
558 2056 776 2148 voluntate,
803 2077 881 2150 qua
898 2057 1124 2153 induigentia
1145 2079 1196 2130 co
1219 2057 1239 2116 ¹·

164 2162 251 2245 tur,
285 2153 495 2248 negavimus
517 2176 679 2247 meram,
716 2155 775 2230 cui
796 2155 1015 2254 indulgenda
1033 2153 1085 2232 est
1109 2077 1240 2250 cariffi,

167 2251 196 2330 it
220 2273 262 2326 ea
287 2253 345 2324 cui
366 2255 492 2346 potior
516 2253 582 2326 alia
605 2253 856 2350 praeponitur,
874 2257 1110 2330 continentiae
1133 2259 1239 2354 magia

167 2351 383 2451 appetendae
402 2351 627 2428 didicerimus
647 2377 723 2430 non
742 2357 927 2450 potiorem
943 2379 963 2428 a
978 2359 1133 2452 potiore
1157 2357 1238 2430 scio·

153 2451 220 2528 'di.
270 2451 361 2524 Haec
382 2451 664 2548 praestruxerim,
701 2469 744 2529 ut
764 2457 837 2548 jun
862 2455 1033 2550 Apostoli
1057 2477 1166 2529 voce
1189 2457 1259 2530 do¹

155 2569 324 2626 rutrum.
374 2551 561 2645 Inprimis
583 2568 801 2630 autemnon
826 2557 982 2631 videbor
1005 2555 1237 2652 irreligiosae

169 2651 198 2730 fi
223 2651 306 2741 quid
330 2649 404 2744 ipse
423 2649 617 2744 profitetur
647 2658 879 2730 continentie
898 2655 1008 2754 magis
1028 2657 1238 2750 appetenda
1258 2677 1259 2720 ὲ

153 2751 368 2825 'didicerim
426 2751 503 2846 Jam
531 2755 810 2828 animadvertam
836 2776 980 2831 omnem
1006 2757 1101 2830 illam
1129 2759 1240 2830 indui·

24 2937 32 2950 ,
113 2919 117 2929 λ
171 2849 330 2948 gentiam
346 2852 550 2944 nuptiarum
571 2853 615 2926 de
629 2853 714 2946 suo,
739 2855 776 2928 id
792 2855 863 2944 est,
889 2856 935 2930 de
950 2857 1107 2930 humano
1128 2855 1238 2946 sensu,

171 2949 313 3026 nonde
330 2947 457 3024 divino
475 2951 680 3046 praescripto
699 2953 882 3032 induxiii'e.
934 2955 972 3027 N
975 2977 1029 3028 am
1047 2956 1082 3028 dt
1098 2953 1241 3032 cumdr

40 3139 42 3142 ι
152 3049 292 3122 'viduis
310 3051 469 3150 innuptis
484 3050 649 3126 definivit
664 3055 718 3126 uti
730 3055 888 3148 nubant,
914 3055 939 3130 st
954 3056 1152 3130 continere
1171 3075 1239 3129 noo

154 3147 344 3246 'p'oss'unt‚
372 3151 453 3242 quia
471 3153 597 3226 melius
619 3153 671 3225 est
688 3155 804 3226 nubere
826 3181 922 3254 quom
942 3161 1015 3242 uri,
1043 3153 1240 3230 conversus

152 3249 222 3324 'ad
242 3249 344 3324 aliam
368 3247 541 3346 spetiem,
567 3261 683 3346 nuptis
697 3249 802 3327 autem
816 3255 984 3341 denuncio,
1012 3254 1157 3352 inquit,
1186 3278 1241 3326 non

154 3365 244 3440 aga,
262 3349 317 3437 sad
334 3351 496 3420 dominus:
525 3353 576 3424 ita
594 3351 749 3427 ostendit
767 3369 869 3428 extra
886 3356 1066 3429 rationem
1080 3355 1241 3450 persona

175 3446 246 3522 suae
258 3448 297 3522 in
317 3447 437 3525 Deum
451 3451 510 3546 id,
537 3453 635 3544 quod
653 3451 933 3547 supradixerat,
960 3455 996 3530 id
1010 3475 1087 3528 non
1102 3477 1155 3531 ex
1172 3475 1240 3550 pet·

177 3547 304 3624 sonad
371 3550 441 3643 'ni‚
467 3551 525 3626 sed
549 3573 593 3624 err
617 3549 676 3626 sua
694 3551 968 3648 pronunciasse,
994 3557 1105 3627 meiius
1127 3557 1241 3654 apina·

153 3647 286 3747 'irrep
371 3657 435 3728 uri.
489 3653 580 3748 Quae
596 3673 676 3723 vox
697 3648 784 3726 lieet
803 3655 846 3726 ad
869 3677 933 3729 eos
954 3657 1163 3748 pertineat,
1191 3655 1240 3750 qui

179 3746 263 3824 sunt
290 3749 426 3842 nupti,
462 3753 523 3824 vei
546 3751 693 3843 vidua,
728 3753 787 3846 qui
815 3767 935 3828 tamen
955 3757 1113 3830 nubendi
1138 3757 1239 3832 licen·

154 3852 267 3926 ¹tiam
290 3849 569 3950 ampiettuntur,
602 3851 712 3931 v‘elirn
734 3851 946 3951 tetradem,
980 3857 1084 3952 quale
1105 3858 1240 3932 bonon

656 3985 661 3996 ·
728 3987 735 4002 ·
1075 3956 1201 4036 osten·

1256 4135 1259 4300 i
