2586 4334
207 199 271 256 or
305 177 967 260 Resonnrcrrorreenuurr.
1040 179 1114 272 561
1224 194 1230 206 ·

43 337 181 419 ocean
201 341 421 436 predicavit.
476 337 584 414 aueo
599 309 707 416 nino
725 359 872 432 quoque
888 332 1051 433 suppedit
1066 341 1116 414 u-

43 441 211 540 iegorica
224 439 390 516 defensio
417 441 617 534 corporalis
640 434 916 525 resurrectionis.
966 437 1062 517 Nom
1078 439 1116 514 dr

44 543 296 639 contegimus
313 541 444 638 Populo(
456 563 540 615 meus
558 546 691 612 introite
704 545 740 609 iu
752 541 840 610 cellas
852 559 995 634 promas,
1010 565 1117 638 quon·
1164 555 1172 576 ⁸

44 631 176 728 reruni,
203 645 299 716 denec
317 646 370 712 ira
391 667 458 714 mee
475 657 657 738 pretereat,
683 637 867 734 sepulchra
887 651 995 713 erunt
1014 641 1118 742 cella
1236 723 1240 736 Ι

43 761 187 838 promer
250 741 286 813 in
313 742 442 834 quibus
467 741 643 834 paulisper
666 738 889 834 requiescere
912 737 1113 836 habebunt,

44 843 109 936 qui
129 839 167 914 in
189 795 320 924 finibus
340 839 446 914 seculi
458 839 520 914 sub
532 839 658 915 uitima
673 841 723 914 ira
735 859 802 932 per
812 835 1024 914 Anucluistt
1036 839 1115 920 vim

13 1027 16 1036 ,
44 937 273 1016 excesserint
327 937 406 1014 Aut
420 959 484 1014 cur
500 943 669 1014 cellarum
685 957 890 1032 promarum
905 938 1029 1032 potius
1045 959 1116 1012 vo·
1168 996 1178 1006 .
1194 1001 1196 1008 ,
1233 930 1244 960 ⁸

44 1041 184 1112 cabulo
201 1039 281 1114 usus
297 1039 374 1132 est,
398 1039 435 1112 dc
451 1059 528 1114 non
547 1041 695 1132 alicujus
713 1039 788 1133 loci
804 1039 1021 1134 receptorii,
1047 1037 1117 1115 nist

44 1141 134 1232 quia
154 1141 192 1211 in
214 1141 314 1212 cellis
336 1139 472 1236 promis
496 1159 581 1212 caro
604 1139 702 1213 salita
726 1135 800 1210 usui
818 1137 974 1232 reposita
995 1135 1116 1210 serva-
1254 1149 1262 1156 ·

43 1252 137 1331 tur,
165 1235 410 1330 depromenda
429 1239 528 1312 illinc
544 1238 606 1312 suo
622 1235 815 1336 tempore?
848 1237 1001 1330 proinde
1015 1237 1115 1330 enirn
1229 1297 1231 1306 ,

43 1338 85 1411 &
103 1357 262 1431 corpora
282 1337 455 1414 medicata
478 1337 716 1414 condimentis
732 1333 944 1433 sepulture,
974 1333 1116 1412 mauso-
1169 1343 1172 1350 '
1252 1341 1257 1354 '

42 1437 114 1514 leis
138 1437 175 1510 o
199 1437 441 1514 monumentis
466 1435 756 1530 sequestrantur,
790 1435 995 1531 proceiiura
1026 1436 1115 1510 inde
1279 1518 1282 1528 ¹

45 1559 131 1610 cum
150 1533 288 1630 iuuerit
309 1538 486 1612 dominus.
546 1537 659 1638 Quod
682 1554 763 1610 cum
787 1533 1004 1630 itabintelligi
1024 1541 1114 1610 oon'·
1211 1579 1215 1587 ·

43 1651 176 1738 gruat.
203 1635 239 1710 dc
259 1657 335 1730 quae
351 1637 447 1712 euim
468 1639 512 1710 ab
531 1639 583 1710 ira
601 1636 671 1711 Dei
695 1635 922 1710 cellariorum
935 1654 1004 1708 nos
1017 1635 1115 1708 refu-

43 1739 107 1835 gia
123 1735 345 1811 servabunt?
370 1737 444 1811 hoc
462 1735 538 1829 ipso
555 1733 653 1830 quod
670 1735 741 1828 ait,
767 1729 861 1806 dioec
878 1739 930 1805 ira
945 1749 1115 1832 pretereat

45 1857 130 1932 quae
144 1837 333 1934 extinguet
340 1835 614 1930 antichristum,
646 1833 729 1932 post
747 1833 835 1908 iram
854 1831 1010 1920 ostendit
1028 1853 1114 1930 pro-

44 1933 380 2010 ceffuramcarnem
394 1935 439 2010 de
453 1933 666 2030 sepulchro,
692 1935 819 2026 inquo
840 1949 923 2007 ante
938 1935 1024 2008 iram
1037 1933 1124 2009 fue-
1261 1987 1264 1992 -

43 2024 100 2110 rit'
110 2035 221 2108 illata.
264 2033 830 2110 Namdrdeceilariisnonaliud
846 2031 1119 2127 efferuuquan

43 2135 151 2228 quod
161 2133 339 2227 infertur,
361 2133 491 2232 &post
505 2133 698 2210 antichristi
712 2133 991 2208 eradicationem
1006 2134 1117 2232 agita·

44 2237 148 2312 bitur
165 2231 386 2310 resurrectio.
941 2296 942 2304 t

123 2341 186 2414 28.
210 2331 349 2408 Scimus
368 2347 488 2410 autern
505 2335 595 2408 ficut
612 2334 767 2408 vocibus
782 2335 833 2406 ita
849 2331 883 2406 dr
902 2333 1009 2407 rebus
1030 2353 1117 2428 pro·

45 2435 251 2532 phetatum.
309 2430 403 2510 'ram
424 2433 522 2508 diiiis
542 2433 696 2527 quam&
709 2433 808 2508 fadis
830 2433 1042 2525 predicatur
1059 2451 1119 2508 re·

46 2531 251 2628 surrectio,
284 2551 366 2608 cum
390 2531 540 2626 Moyses
565 2539 709 2608 manum
733 2531 906 2606 infinum
930 2531 1117 2606 condit&

45 2647 255 2710 mnortuam
277 2631 437 2728 profert,
465 2631 500 2706 dr
523 2631 640 2708 rursus
658 2633 808 2726 insinuat
823 2629 857 2704 dt
875 2632 1035 2706 vividam
1054 2653 1117 2705 ex·

45 2735 184 2832 plicat,
210 2753 333 2806 nonne
357 2733 430 2808 hoc
451 2733 496 2808 de
515 2748 600 2807 toto
618 2733 765 2808 homine
784 2732 990 2826 portendit,
1016 2733 1117 2824 siqui·

46 2835 133 2910 dem
151 2831 248 2906 trina
270 2834 387 2906 virtus
401 2831 474 2906 Dei
493 2854 557 2927 per
577 2835 637 2906 illa
652 2831 744 2904 trina
762 2833 857 2927 signa
875 2831 1116 2905 denotabatur

37 2955 134 3007 'cum
152 2932 217 3003 suo
233 2933 360 3006 ordine
374 2931 492 3024 primo
506 2933 687 3006 diabolum
696 2929 894 3024 serpentem
904 2951 1118 3023 quamquam

45 3030 317 3114 formidabilem
334 3028 515 3105 subadura
534 3033 700 3124 homini,
733 3031 777 3104 de
796 3029 880 3102 hinc
901 3049 1046 3104 carnem
1070 3029 1117 3102 de

45 3131 127 3210 finu
153 3131 283 3204 mortis
306 3129 522 3226 retradiura,
555 3147 664 3223 atque
685 3131 735 3203 ita
751 3149 895 3210 omnem
914 3127 1118 3226 sanguinem

46 3243 252 3306 executura
268 3229 418 3324 judicio.
469 3229 529 3304 De
544 3251 618 3324 quo
635 3229 728 3324 apud
745 3229 898 3304 eundem
911 3229 1119 3322 propheten

47 3331 429 3430 praeteriturorum,
444 3331 561 3423 inquit
577 3330 700 3424 Deus,
715 3333 896 3424 sanguinem
906 3335 1070 3426 exquiram
1081 3329 1118 3400 de
1232 3369 1237 3377 ·

46 3435 202 3506 omnibus
220 3432 342 3523 bediis,
377 3430 416 3508 6
441 3433 477 3502 de
497 3455 592 3500 manu
610 3429 800 3508 dominis&
823 3433 859 3501 de
877 3453 976 3500 manu
992 3427 1119 3522 fratris

11 3585 12 3620 ;
47 3556 206 3633 exqurum
222 3557 299 3605 eum.
365 3529 483 3605 Porro
499 3531 586 3602 nihil
604 3532 802 3624 exquiritur
817 3529 878 3602 nist
894 3527 993 3620 quod
1009 3547 1117 3622 repo·

48 3635 183 3710 scitur:
214 3633 300 3704 nihil
316 3629 515 3726 reposcitur
531 3629 591 3701 nifi
609 3631 708 3722 quod
727 3629 968 3727 &reddetur‚
996 3627 1029 3702 δι
1049 3629 1118 3702 uti-

50 3755 124 3828 que
142 3731 334 3823 reddetur,
350 3731 448 3826 quod
462 3729 611 3802 ultionis
627 3732 773 3804 nomine
787 3727 1043 3824 reposcetur&
1058 3749 1120 3800 er·

50 3837 229 3934 quiretur.
255 3829 386 3925 Neque
400 3831 494 3910 enim
506 3827 681 3906 vindicari
695 3831 846 3926 poterit,
858 3830 957 3924 quod
967 3827 1117 3902 omuino

105 3929 248 4011 Tmoli.
270 3927 357 4008 Tora.
380 3935 426 4011 11.
666 3927 741 4008 Nn
801 4016 814 4026 ,
990 3947 1070 4003 non
