2634 4336
112 184 184 284 39⁶
256 181 305 286 Q.
330 125 1018 295 Saer.l'toa;.'lraruat1arrr
1070 286 1074 295 Ι

109 345 236 426 somno
261 341 371 440 magia
396 337 556 426 relicintr
583 361 687 436 quarn
717 339 895 516 fatigamur.
954 336 1072 412 Porro
1093 353 1167 416 net

110 446 246 540 semper
264 463 309 518 ex
328 439 538 538 fatigatione
559 441 762 538 coneipitur
799 456 951 531 omnin,
985 438 1020 512 dt
1041 451 1164 515 tamen

111 565 193 620 cum
216 563 261 618 ex
280 541 339 614 illa
361 541 431 636 est,
456 541 515 616 illa
532 542 604 636 jam
620 541 777 620 nonest.
833 535 905 616 Sed
928 557 997 612 nec
1016 537 1165 634 refriget

98 641 278 721 ‘scentiam
302 640 508 730 admittam,
543 653 605 716 aut
623 659 821 720 marcorem
843 643 995 732 aliquem
1015 637 1162 732 caloris,

111 765 193 820 cum
216 741 306 816 adeo
325 745 482 836 corpora
499 737 624 816 somno
643 739 909 818 concalescant:
933 751 976 810 ut
992 735 1163 831 dispansa·

110 845 166 920 tio
190 841 352 916 ciborum
372 861 439 932 pn
456 839 618 914 somnum
640 863 717 915 nora
737 840 843 916 facile
866 835 1081 935 procederet
1103 857 1161 909 ca·

109 947 191 1020 lore
206 939 442 1038 properabili,
469 939 642 1038 &rigore
659 941 843 1032 tardabili,
869 942 893 1014 sr
912 935 1038 1012 somno
1059 933 1163 1008 restis

110 1061 323 1141 geraremur.
373 1039 456 1114 Plus
479 1035 550 1133 est,
576 1037 802 1132 quodetiam
826 1037 933 1114 sudor
957 1033 1164 1132 digestionis

112 1139 287 1218 estuaruia
310 1138 360 1212 est
384 1138 502 1212 index.
558 1139 725 1232 Denique
747 1158 977 1232 concoquere
998 1135 1162 1227 dicimur,

112 1240 211 1334 quod
231 1239 360 1315 ‚caloris
378 1254 455 1312 non
473 1237 615 1333 frigoris
635 1241 800 1332 operatio
816 1237 877 1316 est.
928 1235 1083 1311 Proinde
1100 1235 1164 1308 de,

109 1340 347 1418 minutionem
370 1337 526 1412 animalis
548 1337 709 1432 spiritus,
736 1352 797 1412 aut
817 1335 1044 1434 indigentiam
1066 1333 1165 1426 spiri·

110 1455 193 1532 urs,
217 1452 281 1512 aut
300 1437 578 1536 segregationem
598 1438 735 1514 consati
754 1438 919 1532 spiciatur
951 1433 1164 1510 immortalia

111 1541 315 1618 animanon
328 1536 527 1612 smitcredi.
569 1537 666 1612 Perit
681 1539 829 1613 animast
844 1539 1052 1614 minoratur.
1095 1531 1162 1606 sr-

109 1635 266 1738 perestll
288 1636 387 1712 sorte
405 1649 485 1712 curn
497 1635 628 1711 Stoicis
649 1635 904 1712 resolutionem
924 1631 1083 1722 sensualia
1105 1631 1162 1706 vi·

111 1740 209 1840 goria
230 1736 391 1814 somnum
416 1737 719 1831 determinemus,
753 1739 833 1830 quia
858 1735 1022 1828 corporis
1050 1731 1163 1812 solius

111 1839 267 1936 quietem
280 1847 476 1930 procuret,
501 1858 577 1911 non
592 1837 628 1910 dt
642 1839 774 1912 anime,
824 1832 987 1910 Animam
1004 1831 1099 1906 enim
1118 1843 1163 1904 ut

110 1937 247 2032 semper
260 1935 430 2012 mobilem
443 1933 623 2030 &semper
635 1937 841 2028 exercitam,
849 1955 1027 2026 numquam
1043 1929 1162 2005 socce-

111 2037 197 2114 dere
211 2035 341 2126 quieti,
369 2033 490 2112 aliena
508 2033 641 2130 scilicet
654 2057 674 2110 a
688 2035 779 2110 statu
791 2035 1083 2112 immortalitatis:
1108 2031 1163 2104 ni·

110 2137 161 2212 bil
176 2135 270 2208 enim
284 2133 483 2208 immortale
497 2131 603 2208 linem
618 2135 800 2228 operiasui
813 2134 977 2210 admittit
1004 2131 1161 2209 Somnua

110 2248 231 2312 autem
248 2227 328 2306 finis
347 2231 478 2326 operia.
536 2231 703 2327 Denique
723 2235 871 2328 corpori
889 2234 946 2306 cui
961 2232 1162 2308 mortalitas
1183 2289 1204 2317 ‚.

110 2333 310 2427 competit,
337 2333 370 2404 ei
391 2329 454 2406 soli
477 2333 576 2424 quiea
599 2331 706 2410 finem
726 2333 846 2427 operis
861 2332 1033 2408 adulatur.
1084 2327 1163 2430 Qui

111 2455 199 2531 ergo
218 2433 262 2507 de
280 2430 392 2506 somni
408 2433 635 2510 naturalitate
653 2433 853 2526 dubitabit,
887 2431 996 2506 habet
1016 2429 1162 2522 quidem

109 2531 329 2624 Dialedicoa
348 2531 386 2605 in
408 2528 552 2606 dubium
574 2533 791 2610 deducentes
814 2545 929 2606 totam
948 2531 1163 2606 naturalium

111 2635 147 2708 u
160 2629 469 2708 extranaturalium
483 2627 751 2729 discretionem,
772 2645 813 2706 ut
827 2651 904 2725 qum
916 2629 1100 2724 putaverit
1115 2629 1163 2702 ci-

110 2747 167 2808 tra
179 2745 342 2806 naturam
357 2727 445 2822 elle,
469 2716 603 2806 daturae
620 2729 792 2808 vindicari
807 2728 892 2806 sciat
909 2724 1029 2824 posse,
1058 2747 1166 2818 aqua

109 2835 161 2906 ita
180 2829 249 2905 esse
271 2829 518 2926 semirasura,
544 2845 586 2904 ut
607 2833 696 2904 citra
716 2853 793 2906 earn
812 2829 933 2904 haberi
955 2829 1166 2922 videantur,

111 2931 283 3024 &utique
300 2941 362 3002 aut
377 2942 504 3002 natura
519 2933 657 3024 omnia,
683 2947 745 3008 aut
757 2931 853 3004 nulla
863 2943 999 3005 natura.
1048 2923 1165 3020 Apud

109 3053 180 3106 moe
196 3041 313 3104 autem
330 3028 367 3102 id
384 3031 521 3123 poterit
537 3031 672 3122 audiri,
698 3029 795 3122 quod
809 3027 879 3102 Dei
894 3027 1164 3120 wcontemplatio

110 3129 264 3228 suggerit
285 3125 437 3200 auctoris
458 3132 616 3204 omnium
637 3129 681 3204 de
702 3127 828 3222 quibua
845 3127 1022 3220 quaeritur.
1045 3188 1049 3198 .
1077 3123 1165 3200 Cre·

110 3230 224 3304 dimus
241 3227 332 3302 eninr
345 3225 370 3299 s1
383 3227 466 3318 quid
480 3227 529 3302 est
543 3243 691 3324 natura,
717 3230 893 3303 rationale
909 3223 1052 3318 aliquod
1068 3243 1164 3318 oput

109 3327 182 3406 Dei
201 3325 280 3402 esse.
339 3323 455 3400 Porro
472 3325 631 3402 somnum
656 3329 748 3402 ratio
770 3328 893 3422 preit,
930 3339 1003 3400 tam
1023 3339 1165 3418 aptum,
1187 3372 1191 3383 -

109 3439 183 3502 tam
202 3426 354 3516 utilem,
387 3437 460 3500 tam
480 3423 735 3520 necessarium,
766 3441 811 3502 ut
830 3427 962 3520 absque
979 3424 1044 3498 illo
1064 3425 1165 3500 nulle

110 3528 225 3602 anima
244 3521 410 3616 sufficiat,
440 3539 682 3604 recreatorem
700 3545 919 3620 corporum,
942 3515 1174 3618 redintegra·'

108 3637 227 3700 torem
243 3623 394 3716 virium,
420 3627 653 3717 probatorem
668 3627 933 3719 valetudinum,
954 3637 1164 3717 pacatorem

111 3744 286 3816 operum,
319 3721 495 3798 medicum
519 3725 708 3818 laborum,
743 3727 800 3798 cui
823 3725 987 3820 legitime
1003 3722 1163 3800 fruendo

109 3823 185 3898 diae
205 3821 324 3917 cedit,
355 3841 431 3925 non
454 3825 570 3922 legem
584 3824 696 3922 facit,
722 3823 885 3924 auferens
910 3817 1028 3896 rerum
1055 3823 1166 4014 citiam

865 3973 878 3986 a
1011 3939 1059 3994 co
1074 3941 1117 3994 o-
