2634 4336
61 142 63 151 '
153 175 238 258 ψ
307 84 1078 260 Q.sm.¹risi.triraiiiisi

100 323 103 333 '
165 339 259 398 vero
289 339 336 394 ex
366 311 492 402 natiue
518 315 760 412 proprietatis.
826 313 936 392 Certe
965 313 1060 390 enim
1090 311 1225 390 ὁοω

92 436 103 455 ²
163 421 291 496 animo
307 437 391 490 caro
409 415 479 510 est,
510 415 750 509 &inquilinus
769 416 883 490 camis
899 416 1023 492 anima
1073 412 1224 488 Defide·

163 521 260 598 tabit
279 518 398 610 itaque
411 515 602 608 inquilinus
622 537 668 590 ex
684 515 818 610 caussa,
842 515 1097 592 &necesitate
1114 515 1222 608 liuius

164 618 322 698 nominis
341 615 530 710 profutura
551 615 693 708 domui,
720 629 805 688 toto
821 615 1047 708 inquilinatus
1063 611 1114 688 sui
1129 629 1220 686 tem-

66 753 73 766 ·
164 739 282 814 pore,
310 735 386 792 tion
404 729 446 788 ut
456 714 536 808 ipse
550 713 818 804 substruendus,
842 737 911 790 nec
930 713 1052 811 utipse
1066 713 1219 788 lorican-

166 817 255 905 dus,
280 837 348 890 nec
363 830 404 888 ut
416 813 488 908 ipse
508 815 768 908 tibicinandus,
793 811 852 888 sed
864 813 1115 890 tantummodo
1131 831 1223 886 con·

167 917 353 990 tinendus:
380 917 547 1004 quianon
564 915 665 1002 aliter
681 914 857 988 contineri
871 913 976 1006 poffit
989 933 1092 1006 quam
1106 911 1223 988 domo

17 1019 20 1030 '
167 1013 270 1090 fulta.
323 1013 495 1105 Alioquin
514 1014 637 1088 licebit
651 1013 773 1088 anima
788 1011 916 1107 dilapsa
930 1014 1041 1088 domo
1057 1034 1102 1088 ex
1119 1009 1234 1107 destig

168 1117 313 1190 tutione
333 1115 562 1207 propriorum
583 1111 811 1188 subsidiorum
829 1114 999 1188 incolumi
1018 1113 1135 1204 abire,
1161 1111 1226 1184 ha·

168 1215 269 1290 beriti
283 1212 341 1301 sua
353 1209 576 1288 ,firmamenta
589 1212 624 1284 dt
638 1213 792 1306 proprie
806 1211 1024 1286 conditionis
1040 1210 1225 1303 alimenta,

45 1324 54 1345 “
108 1372 120 1401 ,
168 1311 500 1405 immortalitatem,
529 1313 832 1406 rationalitatem,
864 1309 1144 1403 sensualitatem,
1168 1309 1227 1384 in·

72 1460 83 1501 .·
169 1410 497 1503 telledlualitatem,
521 1413 655 1486 arbitrii
675 1412 887 1488 libertatem.
1121 1463 1125 1474 .

89 1502 102 1525 '
246 1535 302 1608 39.
330 1514 421 1612 Qua
442 1511 561 1586 omnia
583 1511 754 1584 nativitus
780 1513 901 1586 ammae
926 1509 1095 1602 conlata,
1126 1507 1222 1584 idem

22 1631 24 1636 ·
79 1663 84 1679 .
111 1620 127 1667 '·
170 1611 281 1706 quiin
301 1609 499 1704 primordio
518 1611 669 1703 inuidit,
693 1631 790 1686 nune
807 1631 951 1702 quoque
968 1610 1156 1684 obumbrat
1170 1619 1222 1682 ab·

153 1731 242 1804 ,que
253 1712 447 1806 depravat,
463 1729 537 1802 quo
552 1711 668 1784 minus
680 1721 742 1784 aut
756 1711 855 1784 ultro
868 1705 1144 1804 prospiciantur,
1160 1720 1224 1784 aut

144 1833 147 1841 ·
171 1831 242 1904 qua
259 1821 409 1904 oportet
424 1809 720 1886 administrentur.
759 1807 825 1884 Cui
841 1809 934 1882 enim
950 1807 1134 1882 hominum
1146 1827 1225 1882 nou

144 1905 148 1915 '
171 1911 366 1984 adhaerebit
388 1905 524 2000 spiritus
544 1929 717 2002 nequam,
742 1905 875 2001 abipsa
894 1907 1225 2001 etiamjannanati·

49 2007 51 2017 '
170 2009 296 2082 uitatis
312 2009 442 2082 annuas
458 2007 754 2100 aucupabundus,
779 2010 842 2082 vel
854 2029 923 2100 qua
936 2007 1129 2098 invitabis,
1144 2017 1227 2080 tota

170 2105 233 2180 illa
246 2105 423 2198 puerperii
439 2104 710 2198 superstitiones
731 2108 787 2182 lta
800 2125 926 2180 omnes
939 2106 1143 2182 idololatria
1160 2105 1228 2179 ob·

170 2203 316 2282 sterrice
330 2202 541 2297 nascuntur,
568 2205 650 2282 dum
667 2205 728 2302 ipsi
745 2205 859 2280 adhuc
878 2208 971 2278 uteri
991 2207 1113 2278 insulis
1131 2201 1228 2298 apud

167 2303 271 2380 'idola
293 2303 465 2379 confectis
488 2305 665 2397 redimiti,
697 2307 874 2402 genimina
890 2301 950 2378 lbi
969 2305 1229 2381 demoniorum

172 2404 353 2478 canditati
365 2400 603 2498 profitentur,
629 2405 712 2480 dum
726 2407 881 2499 inportu
894 2403 1040 2480 Lucinae
1054 2405 1089 2478 dt
1104 2405 1230 2478 Diana

171 2504 349 2596 eiulatus,
375 2503 459 2578 dum
477 2525 542 2598 per
557 2517 673 2578 totam
689 2503 944 2582 hebdomadam
961 2503 1093 2598 junoni
1110 2501 1232 2578 mensa

171 2603 413 2698 proponitur,
440 2603 523 2678 duni
544 2606 669 2680 ultima
686 2605 744 2680 die
763 2605 836 2679 fata
852 2603 1034 2678 scribunda
1049 2603 1232 2678 advocan-

172 2713 256 2792 tur,
290 2702 374 2776 dum
388 2703 501 2796 prima
520 2704 626 2778 etiam
649 2701 859 2778 constitutio
878 2699 1020 2776 infantis
1036 2695 1139 2794 super
1158 2717 1233 2775 ter·

171 2821 249 2874 ram
266 2797 414 2874 Statinae
433 2799 521 2876 Dee
543 2802 678 2880 sacrum
702 2801 762 2878 est.
812 2803 903 2902 Quis
922 2819 998 2876 nori
1021 2801 1150 2874 exinde
1168 2813 1232 2876 aut

172 2911 297 2974 totuin
319 2895 382 2979 filii
402 2913 511 2996 caput
534 2904 648 2976 reatui
673 2916 814 2995 vovet,
842 2915 903 2974 aot
925 2901 1074 2995 aliquem
1096 2898 1237 2993 excipit

173 3001 332 3092 crinem,
358 3013 421 3073 aut
443 3015 525 3076 tota
550 3005 731 3076 novacula
746 3000 938 3096 prosecat,
973 3015 1035 3074 aut
1053 2993 1254 3074 sacrificio·

174 3101 335 3194 obligat,
362 3111 426 3172 aut
440 3097 541 3174 sacro
558 3103 738 3200 obsignat,
762 3120 832 3194 pro
845 3100 1008 3196 gentici,
1032 3119 1099 3192 pro
1118 3099 1233 3190 avita,

173 3219 245 3292 pro
268 3199 438 3294 publica,
472 3215 535 3272 aut
558 3203 699 3293 privata
721 3200 933 3274 devotione.
984 3197 1173 3293 sicigitur
1197 3197 1233 3272 dt

173 3296 363 3370 Socratem
385 3319 535 3390 puerum
558 3300 674 3373 adhuc
693 3297 832 3393 spiritus
847 3299 1063 3376 daemonicus
1078 3297 1235 3374 invenit.

173 3393 234 3469 Sic
259 3395 294 3469 dr
320 3398 484 3470 omnibus
509 3397 615 3472 Genii
640 3397 878 3492 deputantur,
911 3398 1009 3491 quod
1032 3396 1235 3472 demonum

173 3511 312 3570 nomen
334 3493 395 3570 eli.
448 3495 554 3570 Adeo
576 3499 673 3572 nulla
695 3497 808 3572 ferme
829 3497 998 3570 nativitas
1017 3495 1148 3569 munda
1167 3493 1235 3588 est,

173 3589 301 3683 utiquc
317 3593 555 3670 ethnicorum.
608 3595 705 3670 Hinc
722 3599 815 3670 enim
834 3595 868 3668 dt
885 3593 1084 3694 Apostolus
1103 3615 1148 3667 eir
1161 3593 1235 3668 san·

175 3681 333 3764 ffificato
355 3693 531 3768 alterutro
547 3689 632 3767 sexu
648 3693 782 3770 sandius
802 3697 982 3787 procreari
1002 3697 1073 3784 ait,
1100 3705 1171 3766 tam
1187 3713 1237 3766 ex

174 3787 317 3866 seminis
332 3791 594 3892 prerogativa,
616 3815 720 3888 quam
735 3815 782 3869 ex
798 3791 1028 3874 institutionis
1042 3791 1236 3886 disciplina.

1044 3931 1046 3934 ·
1077 3889 1182 3968 Cete·
1265 3969 1267 3974 ,

1302 147 1307 202 l

1305 483 1308 530 l

1305 535 1308 612 l
