2540 4334
229 228 408 380 ''fs'‘
484 219 601 332 (ο)
675 229 736 334 u
820 214 914 390 ''gt“
1028 251 1083 331 is
1160 175 1164 184 ’

132 595 181 696 Q.
224 585 538 666 SEPTIMII
575 579 963 664 FLORENTIS

267 753 827 868 Tauruuniuui
897 773 901 780 ·
983 905 985 910 Ι

15 981 1077 1274 VIRGINIBUSEVELAN-Drs
1180 1117 1188 1143 “

525 1585 558 1639 1.

12 1713 231 1894 Proprium
244 1713 317 1808 jain
333 1711 522 1812 negotium
540 1707 654 1807 passus
674 1733 765 1788 mee
780 1712 992 1808 opinionis,
1024 1717 1076 1790 la·

92 1816 171 1888 tine
197 1833 341 1908 quoque
366 1813 581 1908 ostendam,
619 1811 774 1909 virgines
797 1807 935 1886 nostras
961 1813 1077 1890 velari

13 1929 207 2012 oportere,
234 1937 278 1987 ex
296 1935 369 2007 quo
392 1915 572 2010 transitum
590 1915 703 1987 etatis
723 1911 789 1986 suae
802 1914 974 1989 fecerint:
1000 1917 1076 1990 hoc

13 2018 155 2112 exigere
170 2015 382 2108 veritatem,
398 2015 456 2088 cui
476 2035 584 2088 nemo
600 2013 828 2107 prescribere
840 2013 981 2110 potest,
997 2037 1076 2092 non

14 2111 159 2208 spatium
172 2129 397 2208 temporum,
415 2135 492 2188 non
510 2113 710 2208 patrocinia
725 2112 977 2210 personarum,
996 2137 1075 2192 non
1190 2182 1194 2192 .

11 2215 235 2311 privilegium
250 2216 451 2311 regionum.
503 2212 559 2287 Ex
574 2215 628 2306 his
647 2215 741 2287 enim
755 2215 833 2287 fere
848 2213 1074 2292 consuetudo
1180 2304 1186 2312 ἱ

12 2315 160 2400 initium
174 2316 217 2388 ab
243 2317 358 2408 aliqua
380 2315 584 2412 ignorantia
604 2315 666 2386 vei
684 2313 906 2407 simplicitate
933 2315 1074 2414 sortita,

10 2411 46 2486 in
61 2411 167 2512 usum
176 2435 242 2510 per
258 2413 506 2488 successionem
519 2416 807 2508 corroboratur,
832 2415 865 2486 dc
880 2415 930 2488 ita
948 2415 1076 2493 adver·
1159 2487 1162 2492 .

10 2509 62 2588 sus
80 2518 271 2588 veritatem
293 2517 507 2591 uindicatur.
557 2513 627 2588 Sed
646 2515 810 2588 dominus
833 2514 955 2588 noster
974 2513 1076 2592 Chri·

9 2611 77 2688 stus
100 2617 292 2688 veritatem
313 2613 371 2711 se,
397 2635 474 2690 non
495 2613 814 2706 consuetudinem,
842 2617 1076 2712 cognomina·
1210 2651 1218 2672 ν

11 2713 74 2790 vit.
110 2713 149 2788 Si
167 2715 305 2811 semper
317 2715 496 2808 Christus,
516 2717 548 2788 di
565 2716 666 2809 prior
682 2715 869 2788 omnibus:
896 2737 999 2810 aeque
1011 2739 1075 2792 ve·

8 2816 90 2888 ritas
103 2809 318 2909 sempiterna
332 2815 367 2888 dc
383 2817 526 2908 antiqua
540 2835 608 2892 res.
660 2815 832 2888 Viderint
843 2835 928 2913 ergo
945 2817 1074 2910 quibus

10 2931 149 2990 novum
171 2915 249 3008 est,
280 2916 379 3008 quod
398 2913 460 2989 sibi
479 2927 585 2990 vetus
606 2914 667 2990 est.
717 2911 889 2988 Hareseis
907 2931 1075 2992 nontam

8 3015 155 3087 novitas
173 3035 276 3108 quam
291 3019 424 3089 veritas
441 3018 609 3090 revincit.
661 3015 928 3114 Quodcumque
945 3011 1075 3090 adver'·

8 3109 60 3185 sus
83 3115 278 3190 veritatem
298 3113 411 3210 sapit,
442 3117 516 3190 hoc
541 3119 610 3190 erit
630 3113 796 3208 haeresm,
832 3114 939 3206 etiam
963 3123 1074 3190 vetut

8 3211 264 3292 consuetudo:
311 3213 488 3292 Ceterum
512 3215 574 3288 suo
599 3217 693 3288 vitio
716 3217 793 3308 quis
815 3217 898 3309 quid
919 3216 1073 3312 igiiorat‘.

10 3315 122 3414 Quod
139 3327 258 3390 autem
273 3313 480 3412 ignorauit,
505 3311 574 3390 suit
589 3330 660 3389 tani
675 3317 947 3408 requirendum,
968 3332 1074 3406 quain

10 3415 276 3509 recipiendum,
303 3417 400 3508 quod
417 3417 629 3514 agnoscitur.
682 3413 819 3513 Reguia
834 3415 975 3507 quidem
988 3411 1074 3490 fidei

10 3529 81 3586 una
98 3515 344 3608 enormen,
377 3515 452 3592 sola
474 3517 693 3610 immobilis,
729 3517 763 3589 u
785 3514 1073 3619 irreformabiiiag

8 3615 177 3688 credendi
209 3613 345 3689 scilicet
373 3617 410 3690 in
435 3617 580 3690 unicum
608 3619 728 3690 licum
760 3615 1072 3720 omnipotentem,

8 3713 129 3786 mundi
154 3716 415 3808 conditorem,
450 3715 618 3792 &silium
643 3717 718 3806 eius
743 3713 858 3810 Jesum
880 3705 1073 3812 Christum,

8 3826 130 3888 natum
155 3834 201 3890 eit
225 3817 365 3912 virgine
382 3815 518 3909 Maria,
553 3811 763 3890 crucifixum
782 3811 842 3890 sub
859 3815 997 3906 'Pontio
1016 3811 1072 3886 Pia

8 3909 107 4011 lato,
138 3917 247 3992 tertia
263 3916 320 4000 die
333 3913 576 3994 resuscitatum
592 3937 614 3991 a
629 3917 807 4013 mortuis,
826 3926 1020 4085 receptilgisn
1032 3908 1073 3990 td
1108 3985 1115 3990 .

67 4027 73 4038 ·
908 4033 962 4086 ce
1006 4061 1022 4108 ‚
1058 4077 1068 4094 ,

1196 4151 1236 4160 ⁴—-
