<?xml version="1.0" encoding="UTF-8"?>
<!DOCTYPE html PUBLIC "-//W3C//DTD XHTML 1.0 Transitional//EN"
    "http://www.w3.org/TR/xhtml1/DTD/xhtml1-transitional.dtd">
<html xmlns="http://www.w3.org/1999/xhtml" xml:lang="en" lang="en">
 <head>
  <title>
</title>
<meta http-equiv="Content-Type" content="text/html;charset=utf-8" />
  <meta name='ocr-system' content='tesseract 3.04.00' />
  <meta name='ocr-capabilities' content='ocr_page ocr_carea ocr_par ocr_line ocrx_word'/>
</head>
<body>
  <div class='ocr_page' id='page_1' title='image "./operaomnia00tertgoog_0385.png"; bbox 0 0 2634 4336; ppageno 0'>
   <div class='ocr_carea' id='block_1_1' title="bbox 365 162 1307 312">
    <p class='ocr_par' dir='ltr' id='par_1_1' title="bbox 365 162 1307 312">
     <span class='ocr_line' id='line_1_1' title="bbox 365 162 1307 312; baseline -0.002 -20"><span class='ocrx_word' id='word_1_1' title='bbox 365 162 798 294; x_wconf 71' lang='lat' dir='ltr'>othmaro.</span> <span class='ocrx_word' id='word_1_2' title='bbox 1071 218 1140 312; x_wconf 71' lang='lat' dir='ltr'>goy</span> <span class='ocrx_word' id='word_1_3' title='bbox 1280 174 1307 191; x_wconf 12' lang='grc' dir='ltr'><strong>Ὗ</strong></span> 
     </span>
    </p>
   </div>
   <div class='ocr_carea' id='block_1_2' title="bbox 7 309 1309 4050">
    <p class='ocr_par' dir='ltr' id='par_1_2' title="bbox 7 309 1253 478">
     <span class='ocr_line' id='line_1_2' title="bbox 7 309 1253 478; baseline -0.002 -24"><span class='ocrx_word' id='word_1_4' title='bbox 7 309 11 454; x_wconf 58' lang='lat' dir='ltr'>h</span> <span class='ocrx_word' id='word_1_5' title='bbox 72 381 150 466; x_wconf 65' lang='lat' dir='ltr'>{loa</span> <span class='ocrx_word' id='word_1_6' title='bbox 166 375 420 474; x_wconf 81' lang='lat' dir='ltr'>obliviscatur,</span> <span class='ocrx_word' id='word_1_7' title='bbox 445 371 611 452; x_wconf 77' lang='lat' dir='ltr'>&amp;narsus</span> <span class='ocrx_word' id='word_1_8' title='bbox 626 373 751 470; x_wconf 79' lang='lat' dir='ltr'>postea</span> <span class='ocrx_word' id='word_1_9' title='bbox 766 373 1010 452; x_wconf 74' lang='lat' dir='ltr'><strong>recordetur?</strong></span> <span class='ocrx_word' id='word_1_10' title='bbox 1035 377 1168 478; x_wconf 59' lang='lat' dir='ltr'>Quoz.</span> <span class='ocrx_word' id='word_1_11' title='bbox 1251 407 1253 415; x_wconf 22' lang='grc' dir='ltr'>ψ</span> 
     </span>
    </p>

    <p class='ocr_par' dir='ltr' id='par_1_3' title="bbox 7 457 1309 2266">
     <span class='ocr_line' id='line_1_3' title="bbox 7 457 1138 576; baseline -0.002 -22"><span class='ocrx_word' id='word_1_12' title='bbox 7 457 14 544; x_wconf 64' lang='lat' dir='ltr'>i</span> <span class='ocrx_word' id='word_1_13' title='bbox 76 503 153 576; x_wconf 89' lang='lat' dir='ltr'>quo</span> <span class='ocrx_word' id='word_1_14' title='bbox 176 494 295 554; x_wconf 91' lang='lat' dir='ltr'>autem</span> <span class='ocrx_word' id='word_1_15' title='bbox 313 493 479 572; x_wconf 85' lang='lat' dir='ltr'>tempore</span> <span class='ocrx_word' id='word_1_16' title='bbox 499 477 594 554; x_wconf 88' lang='lat' dir='ltr'>iliam</span> <span class='ocrx_word' id='word_1_17' title='bbox 618 477 758 550; x_wconf 82' lang='lat' dir='ltr'>oblivio</span> <span class='ocrx_word' id='word_1_18' title='bbox 772 475 952 570; x_wconf 87' lang='lat' dir='ltr'>inruerit,</span> <span class='ocrx_word' id='word_1_19' title='bbox 985 493 1138 570; x_wconf 76' lang='lat' dir='ltr'>quantus</span> 
     </span>
     <span class='ocr_line' id='line_1_4' title="bbox 75 575 1138 671; baseline -0.006 -15"><span class='ocrx_word' id='word_1_20' title='bbox 75 583 138 658; x_wconf 90' lang='lat' dir='ltr'>hic</span> <span class='ocrx_word' id='word_1_21' title='bbox 165 581 272 654; x_wconf 86' lang='lat' dir='ltr'>etiam</span> <span class='ocrx_word' id='word_1_22' title='bbox 296 579 486 652; x_wconf 87' lang='lat' dir='ltr'>habebitur</span> <span class='ocrx_word' id='word_1_23' title='bbox 509 577 638 652; x_wconf 86' lang='lat' dir='ltr'>modus</span> <span class='ocrx_word' id='word_1_24' title='bbox 663 575 866 669; x_wconf 77' lang='lat' dir='ltr'>temporis,</span> <span class='ocrx_word' id='word_1_25' title='bbox 899 591 980 650; x_wconf 90' lang='lat' dir='ltr'>tota</span> <span class='ocrx_word' id='word_1_26' title='bbox 1005 578 1138 671; x_wconf 84' lang='lat' dir='ltr'>opinor</span> 
     </span>
     <span class='ocr_line' id='line_1_5' title="bbox 75 673 1139 756; baseline 0.001 -2"><span class='ocrx_word' id='word_1_27' title='bbox 75 683 165 754; x_wconf 82' lang='lat' dir='ltr'>vitae</span> <span class='ocrx_word' id='word_1_28' title='bbox 185 673 442 754; x_wconf 80' lang='lat' dir='ltr'>decursrosntis</span> <span class='ocrx_word' id='word_1_29' title='bbox 462 696 540 752; x_wconf 89' lang='lat' dir='ltr'>non</span> <span class='ocrx_word' id='word_1_30' title='bbox 555 677 623 756; x_wconf 86' lang='lat' dir='ltr'>erit</span> <span class='ocrx_word' id='word_1_31' title='bbox 639 675 685 750; x_wconf 87' lang='lat' dir='ltr'>ad</span> <span class='ocrx_word' id='word_1_32' title='bbox 700 675 912 752; x_wconf 76' lang='lat' dir='ltr'>vertendam</span> <span class='ocrx_word' id='word_1_33' title='bbox 929 680 1139 756; x_wconf 81' lang='lat' dir='ltr'>mernoriam</span> 
     </span>
     <span class='ocr_line' id='line_1_6' title="bbox 65 771 1138 872; baseline -0.004 -16"><span class='ocrx_word' id='word_1_34' title='bbox 65 779 170 856; x_wconf 86' lang='lat' dir='ltr'>-tanti</span> <span class='ocrx_word' id='word_1_35' title='bbox 186 793 271 852; x_wconf 86' lang='lat' dir='ltr'>ante</span> <span class='ocrx_word' id='word_1_36' title='bbox 290 797 422 872; x_wconf 87' lang='lat' dir='ltr'>corpus</span> <span class='ocrx_word' id='word_1_37' title='bbox 443 777 522 852; x_wconf 77' lang='lat' dir='ltr'>evi.</span> <span class='ocrx_word' id='word_1_38' title='bbox 573 773 645 848; x_wconf 85' lang='lat' dir='ltr'>Sed</span> <span class='ocrx_word' id='word_1_39' title='bbox 660 771 776 868; x_wconf 85' lang='lat' dir='ltr'>rursus</span> <span class='ocrx_word' id='word_1_40' title='bbox 792 773 896 848; x_wconf 89' lang='lat' dir='ltr'>Plato</span> <span class='ocrx_word' id='word_1_41' title='bbox 911 773 1063 861; x_wconf 81' lang='lat' dir='ltr'>caussam</span> <span class='ocrx_word' id='word_1_42' title='bbox 1078 778 1138 856; x_wconf 90' lang='lat' dir='ltr'>de·</span> 
     </span>
     <span class='ocr_line' id='line_1_7' title="bbox 77 869 1309 972; baseline -0.003 -14"><span class='ocrx_word' id='word_1_43' title='bbox 77 893 196 958; x_wconf 88' lang='lat' dir='ltr'>mutat</span> <span class='ocrx_word' id='word_1_44' title='bbox 210 881 248 954; x_wconf 92' lang='lat' dir='ltr'>in</span> <span class='ocrx_word' id='word_1_45' title='bbox 265 897 421 972; x_wconf 87' lang='lat' dir='ltr'>corpus,</span> <span class='ocrx_word' id='word_1_46' title='bbox 453 875 547 968; x_wconf 84' lang='lat' dir='ltr'>quafi</span> <span class='ocrx_word' id='word_1_47' title='bbox 566 875 600 948; x_wconf 77' lang='lat' dir='ltr'>u</span> <span class='ocrx_word' id='word_1_48' title='bbox 619 875 693 948; x_wconf 90' lang='lat' dir='ltr'>hoc</span> <span class='ocrx_word' id='word_1_49' title='bbox 711 869 784 950; x_wconf 90' lang='lat' dir='ltr'>fide</span> <span class='ocrx_word' id='word_1_50' title='bbox 804 875 972 972; x_wconf 84' lang='lat' dir='ltr'>dignum,</span> <span class='ocrx_word' id='word_1_51' title='bbox 996 889 1039 948; x_wconf 92' lang='lat' dir='ltr'>ut</span> <span class='ocrx_word' id='word_1_52' title='bbox 1054 893 1140 954; x_wconf 90' lang='lat' dir='ltr'>nata</span> <span class='ocrx_word' id='word_1_53' title='bbox 1307 929 1309 966; x_wconf 56' lang='lat'>2</span> 
     </span>
     <span class='ocr_line' id='line_1_8' title="bbox 78 973 1308 1072; baseline -0.007 -16"><span class='ocrx_word' id='word_1_54' title='bbox 78 977 422 1056; x_wconf 77' lang='lat' dir='ltr'>substantiainnatae</span> <span class='ocrx_word' id='word_1_55' title='bbox 443 978 519 1052; x_wconf 86' lang='lat' dir='ltr'>vim</span> <span class='ocrx_word' id='word_1_56' title='bbox 540 975 749 1072; x_wconf 84' lang='lat' dir='ltr'>exstinguat.</span> <span class='ocrx_word' id='word_1_57' title='bbox 799 973 945 1072; x_wconf 75' lang='lat' dir='ltr'>Magne</span> <span class='ocrx_word' id='word_1_58' title='bbox 966 977 1139 1058; x_wconf 78' lang='lat' dir='ltr'>autem&amp;</span> <span class='ocrx_word' id='word_1_59' title='bbox 1232 989 1234 998; x_wconf 80' lang='grc'>’</span> <span class='ocrx_word' id='word_1_60' title='bbox 1307 979 1308 1048; x_wconf 78' lang='grc' dir='ltr'>ἰ</span> 
     </span>
     <span class='ocr_line' id='line_1_9' title="bbox 75 1075 1308 1172; baseline -0.012 -17"><span class='ocrx_word' id='word_1_61' title='bbox 75 1081 200 1156; x_wconf 73' lang='lat' dir='ltr'>multe</span> <span class='ocrx_word' id='word_1_62' title='bbox 231 1076 440 1152; x_wconf 76' lang='lat' dir='ltr'>differentia</span> <span class='ocrx_word' id='word_1_63' title='bbox 473 1095 671 1172; x_wconf 88' lang='lat' dir='ltr'>corporum</span> <span class='ocrx_word' id='word_1_64' title='bbox 698 1094 769 1170; x_wconf 89' lang='lat' dir='ltr'>pro</span> <span class='ocrx_word' id='word_1_65' title='bbox 799 1075 1030 1171; x_wconf 82' lang='lat' dir='ltr'>gentilitate,</span> <span class='ocrx_word' id='word_1_66' title='bbox 1067 1097 1137 1171; x_wconf 86' lang='lat' dir='ltr'>pro</span> <span class='ocrx_word' id='word_1_67' title='bbox 1258 1087 1260 1095; x_wconf 51' lang='lat'><em>¹</em></span> <span class='ocrx_word' id='word_1_68' title='bbox 1307 1105 1308 1140; x_wconf 79' lang='lat' dir='ltr'>l</span> 
     </span>
     <span class='ocr_line' id='line_1_10' title="bbox 76 1175 1140 1275; baseline 0.002 -25"><span class='ocrx_word' id='word_1_69' title='bbox 76 1178 342 1275; x_wconf 74' lang='lat' dir='ltr'>magnitudine,</span> <span class='ocrx_word' id='word_1_70' title='bbox 370 1195 440 1272; x_wconf 90' lang='lat' dir='ltr'>pro</span> <span class='ocrx_word' id='word_1_71' title='bbox 457 1175 692 1269; x_wconf 81' lang='lat' dir='ltr'>habitudine,</span> <span class='ocrx_word' id='word_1_72' title='bbox 717 1195 785 1268; x_wconf 91' lang='lat' dir='ltr'>pro</span> <span class='ocrx_word' id='word_1_73' title='bbox 802 1185 928 1269; x_wconf 85' lang='lat' dir='ltr'>aetate,</span> <span class='ocrx_word' id='word_1_74' title='bbox 953 1180 1024 1272; x_wconf 84' lang='lat' dir='ltr'>pr&#39;o</span> <span class='ocrx_word' id='word_1_75' title='bbox 1042 1178 1140 1252; x_wconf 83' lang='lat' dir='ltr'>vale·</span> 
     </span>
     <span class='ocr_line' id='line_1_11' title="bbox 77 1271 1140 1372; baseline 0.001 -20"><span class='ocrx_word' id='word_1_76' title='bbox 77 1279 217 1354; x_wconf 79' lang='lat' dir='ltr'>urdine,</span> <span class='ocrx_word' id='word_1_77' title='bbox 264 1275 367 1350; x_wconf 89' lang='lat' dir='ltr'>Num</span> <span class='ocrx_word' id='word_1_78' title='bbox 383 1296 470 1372; x_wconf 80' lang='lat' dir='ltr'>ergo</span> <span class='ocrx_word' id='word_1_79' title='bbox 485 1275 520 1348; x_wconf 78' lang='lat' dir='ltr'>u</span> <span class='ocrx_word' id='word_1_80' title='bbox 534 1275 763 1350; x_wconf 87' lang='lat' dir='ltr'>oblivionum</span> <span class='ocrx_word' id='word_1_81' title='bbox 777 1271 987 1348; x_wconf 70' lang='lat' dir='ltr'>differentia</span> <span class='ocrx_word' id='word_1_82' title='bbox 997 1275 1140 1353; x_wconf 73' lang='lat' dir='ltr'>omna.-</span> 
     </span>
     <span class='ocr_line' id='line_1_12' title="bbox 76 1373 1165 1470; baseline -0.001 -18"><span class='ocrx_word' id='word_1_83' title='bbox 76 1375 242 1452; x_wconf 71' lang='lat' dir='ltr'>buntur?</span> <span class='ocrx_word' id='word_1_84' title='bbox 280 1374 351 1450; x_wconf 91' lang='lat' dir='ltr'>Sed</span> <span class='ocrx_word' id='word_1_85' title='bbox 372 1373 560 1450; x_wconf 82' lang='lat' dir='ltr'>uniformis</span> <span class='ocrx_word' id='word_1_86' title='bbox 583 1374 724 1448; x_wconf 92' lang='lat' dir='ltr'>oblivio</span> <span class='ocrx_word' id='word_1_87' title='bbox 750 1373 823 1464; x_wconf 89' lang='lat' dir='ltr'>est;</span> <span class='ocrx_word' id='word_1_88' title='bbox 861 1393 950 1470; x_wconf 83' lang='lat' dir='ltr'>ergo</span> <span class='ocrx_word' id='word_1_89' title='bbox 969 1395 1047 1450; x_wconf 89' lang='lat' dir='ltr'>non</span> <span class='ocrx_word' id='word_1_90' title='bbox 1069 1377 1165 1458; x_wconf 37' lang='lat' dir='ltr'>erit,</span> 
     </span>
     <span class='ocr_line' id='line_1_13' title="bbox 78 1469 1139 1572; baseline 0 -20"><span class='ocrx_word' id='word_1_91' title='bbox 78 1477 319 1572; x_wconf 83' lang='lat' dir='ltr'>corporalitas</span> <span class='ocrx_word' id='word_1_92' title='bbox 346 1473 573 1548; x_wconf 85' lang='lat' dir='ltr'>multiformis</span> <span class='ocrx_word' id='word_1_93' title='bbox 597 1477 635 1548; x_wconf 95' lang='lat' dir='ltr'>in</span> <span class='ocrx_word' id='word_1_94' title='bbox 661 1469 778 1550; x_wconf 85' lang='lat' dir='ltr'>caussa</span> <span class='ocrx_word' id='word_1_95' title='bbox 797 1475 914 1550; x_wconf 77' lang='lat' dir='ltr'>exitus</span> <span class='ocrx_word' id='word_1_96' title='bbox 936 1476 1139 1554; x_wconf 82' lang='lat' dir='ltr'>uniformia.</span> 
     </span>
     <span class='ocr_line' id='line_1_14' title="bbox 75 1569 1141 1668; baseline -0.005 -12"><span class='ocrx_word' id='word_1_97' title='bbox 75 1577 200 1656; x_wconf 87' lang='lat' dir='ltr'>Multa</span> <span class='ocrx_word' id='word_1_98' title='bbox 222 1579 309 1650; x_wconf 88' lang='lat' dir='ltr'>item</span> <span class='ocrx_word' id='word_1_99' title='bbox 330 1575 569 1668; x_wconf 73' lang='lat' dir='ltr'>documenta,</span> <span class='ocrx_word' id='word_1_100' title='bbox 599 1569 688 1646; x_wconf 84' lang='lat' dir='ltr'>teste</span> <span class='ocrx_word' id='word_1_101' title='bbox 705 1571 783 1668; x_wconf 89' lang='lat' dir='ltr'>ipso</span> <span class='ocrx_word' id='word_1_102' title='bbox 802 1573 977 1668; x_wconf 86' lang='lat' dir='ltr'>Platone,</span> <span class='ocrx_word' id='word_1_103' title='bbox 1003 1578 1141 1650; x_wconf 89' lang='lat' dir='ltr'>divina·</span> 
     </span>
     <span class='ocr_line' id='line_1_15' title="bbox 76 1673 1139 1770; baseline 0.002 -20"><span class='ocrx_word' id='word_1_104' title='bbox 76 1678 222 1750; x_wconf 89' lang='lat' dir='ltr'>tionem</span> <span class='ocrx_word' id='word_1_105' title='bbox 243 1675 367 1750; x_wconf 76' lang='lat' dir='ltr'>anima</span> <span class='ocrx_word' id='word_1_106' title='bbox 393 1677 665 1768; x_wconf 86' lang='lat' dir='ltr'>probaverunt,</span> <span class='ocrx_word' id='word_1_107' title='bbox 700 1693 778 1765; x_wconf 78' lang='lat' dir='ltr'>qua</span> <span class='ocrx_word' id='word_1_108' title='bbox 795 1673 1047 1768; x_wconf 83' lang='lat' dir='ltr'>proposuimus</span> <span class='ocrx_word' id='word_1_109' title='bbox 1064 1679 1139 1770; x_wconf 87' lang='lat' dir='ltr'>jam</span> 
     </span>
     <span class='ocr_line' id='line_1_16' title="bbox 75 1771 1140 1872; baseline 0.003 -21"><span class='ocrx_word' id='word_1_110' title='bbox 75 1775 314 1872; x_wconf 82' lang='lat' dir='ltr'>Hermogeni.</span> <span class='ocrx_word' id='word_1_111' title='bbox 365 1771 436 1846; x_wconf 86' lang='lat' dir='ltr'>Sed</span> <span class='ocrx_word' id='word_1_112' title='bbox 449 1793 518 1846; x_wconf 91' lang='lat' dir='ltr'>nec</span> <span class='ocrx_word' id='word_1_113' title='bbox 533 1775 717 1864; x_wconf 80' lang='lat' dir='ltr'>quiequam</span> <span class='ocrx_word' id='word_1_114' title='bbox 728 1773 914 1848; x_wconf 90' lang='lat' dir='ltr'>hominum</span> <span class='ocrx_word' id='word_1_115' title='bbox 927 1775 1140 1871; x_wconf 75' lang='lat' dir='ltr'>nonuipse</span> 
     </span>
     <span class='ocr_line' id='line_1_17' title="bbox 77 1871 1139 1970; baseline 0.002 -20"><span class='ocrx_word' id='word_1_116' title='bbox 77 1874 272 1968; x_wconf 84' lang='lat' dir='ltr'>aliquando</span> <span class='ocrx_word' id='word_1_117' title='bbox 295 1873 482 1970; x_wconf 65' lang='lat' dir='ltr'>praesagam</span> <span class='ocrx_word' id='word_1_118' title='bbox 511 1873 660 1948; x_wconf 87' lang='lat' dir='ltr'>animam</span> <span class='ocrx_word' id='word_1_119' title='bbox 681 1871 778 1946; x_wconf 89' lang='lat' dir='ltr'>suam</span> <span class='ocrx_word' id='word_1_120' title='bbox 796 1872 932 1970; x_wconf 88' lang='lat' dir='ltr'>sentit,</span> <span class='ocrx_word' id='word_1_121' title='bbox 965 1891 1028 1950; x_wconf 90' lang='lat' dir='ltr'>aut</span> <span class='ocrx_word' id='word_1_122' title='bbox 1050 1877 1139 1952; x_wconf 88' lang='lat' dir='ltr'>orni·</span> 
     </span>
     <span class='ocr_line' id='line_1_18' title="bbox 75 1971 1309 2074; baseline 0.002 -22"><span class='ocrx_word' id='word_1_123' title='bbox 75 1975 164 2068; x_wconf 80' lang='lat' dir='ltr'>nis,</span> <span class='ocrx_word' id='word_1_124' title='bbox 200 1987 262 2048; x_wconf 91' lang='lat' dir='ltr'>aut</span> <span class='ocrx_word' id='word_1_125' title='bbox 281 1973 460 2070; x_wconf 71' lang='lat' dir='ltr'>periculi,</span> <span class='ocrx_word' id='word_1_126' title='bbox 489 1987 552 2046; x_wconf 88' lang='lat' dir='ltr'>aut</span> <span class='ocrx_word' id='word_1_127' title='bbox 573 1971 690 2069; x_wconf 86' lang='lat' dir='ltr'>gaudii</span> <span class='ocrx_word' id='word_1_128' title='bbox 711 1991 891 2068; x_wconf 81' lang='lat' dir='ltr'>augurem.</span> <span class='ocrx_word' id='word_1_129' title='bbox 942 1973 979 2050; x_wconf 87' lang='lat' dir='ltr'>Si</span> <span class='ocrx_word' id='word_1_130' title='bbox 1003 1977 1141 2054; x_wconf 84' lang='lat' dir='ltr'>divina·</span> <span class='ocrx_word' id='word_1_131' title='bbox 1183 1979 1210 2005; x_wconf 66' lang='lat'>²·</span> <span class='ocrx_word' id='word_1_132' title='bbox 1308 2057 1309 2074; x_wconf 19' lang='grc' dir='ltr'><strong><em>Ν</em></strong></span> 
     </span>
     <span class='ocr_line' id='line_1_19' title="bbox 75 2071 1139 2169; baseline 0.003 -19"><span class='ocrx_word' id='word_1_133' title='bbox 75 2073 175 2150; x_wconf 88' lang='lat' dir='ltr'>tioni</span> <span class='ocrx_word' id='word_1_134' title='bbox 193 2095 269 2148; x_wconf 89' lang='lat' dir='ltr'>non</span> <span class='ocrx_word' id='word_1_135' title='bbox 286 2071 460 2168; x_wconf 83' lang='lat' dir='ltr'>obstrepit</span> <span class='ocrx_word' id='word_1_136' title='bbox 474 2094 626 2168; x_wconf 87' lang='lat' dir='ltr'>corpus,</span> <span class='ocrx_word' id='word_1_137' title='bbox 652 2093 722 2146; x_wconf 86' lang='lat' dir='ltr'>nec</span> <span class='ocrx_word' id='word_1_138' title='bbox 735 2075 916 2149; x_wconf 81' lang='lat' dir='ltr'>memorie</span> <span class='ocrx_word' id='word_1_139' title='bbox 936 2078 1069 2169; x_wconf 88' lang='lat' dir='ltr'>opinor</span> <span class='ocrx_word' id='word_1_140' title='bbox 1083 2079 1139 2153; x_wconf 91' lang='lat' dir='ltr'>os-</span> 
     </span>
     <span class='ocr_line' id='line_1_20' title="bbox 76 2171 1140 2266; baseline -0.009 -14"><span class='ocrx_word' id='word_1_141' title='bbox 76 2171 192 2252; x_wconf 86' lang='lat' dir='ltr'>ficiet.</span> <span class='ocrx_word' id='word_1_142' title='bbox 238 2171 279 2248; x_wconf 90' lang='lat' dir='ltr'>ln</span> <span class='ocrx_word' id='word_1_143' title='bbox 299 2173 429 2250; x_wconf 88' lang='lat' dir='ltr'>eodem</span> <span class='ocrx_word' id='word_1_144' title='bbox 443 2189 549 2264; x_wconf 56' lang='lat' dir='ltr'>,certe</span> <span class='ocrx_word' id='word_1_145' title='bbox 572 2193 730 2266; x_wconf 86' lang='lat' dir='ltr'>corpore</span> <span class='ocrx_word' id='word_1_146' title='bbox 743 2171 778 2244; x_wconf 86' lang='lat' dir='ltr'>dt</span> <span class='ocrx_word' id='word_1_147' title='bbox 791 2171 1052 2252; x_wconf 84' lang='lat' dir='ltr'>obliviscuntur</span> <span class='ocrx_word' id='word_1_148' title='bbox 1067 2182 1140 2256; x_wconf 89' lang='lat' dir='ltr'>ani.</span> 
     </span>
    </p>

    <p class='ocr_par' dir='ltr' id='par_1_4' title="bbox 7 2269 1309 4049">
     <span class='ocr_line' id='line_1_21' title="bbox 7 2269 1140 2367; baseline 0.004 -15"><span class='ocrx_word' id='word_1_149' title='bbox 7 2291 11 2310; x_wconf 62' lang='lat'>⁸</span> <span class='ocrx_word' id='word_1_150' title='bbox 76 2298 171 2367; x_wconf 85' lang='lat' dir='ltr'>mae,</span> <span class='ocrx_word' id='word_1_151' title='bbox 205 2273 240 2347; x_wconf 90' lang='lat'>&amp;</span> <span class='ocrx_word' id='word_1_152' title='bbox 258 2273 505 2348; x_wconf 85' lang='lat' dir='ltr'>recordantur.</span> <span class='ocrx_word' id='word_1_153' title='bbox 561 2269 598 2344; x_wconf 81' lang='lat' dir='ltr'>Si</span> <span class='ocrx_word' id='word_1_154' title='bbox 621 2293 690 2364; x_wconf 88' lang='lat' dir='ltr'>qua</span> <span class='ocrx_word' id='word_1_155' title='bbox 711 2275 875 2365; x_wconf 86' lang='lat' dir='ltr'>corporis</span> <span class='ocrx_word' id='word_1_156' title='bbox 893 2277 989 2350; x_wconf 89' lang='lat' dir='ltr'>ratio</span> <span class='ocrx_word' id='word_1_157' title='bbox 1006 2279 1140 2355; x_wconf 88' lang='lat' dir='ltr'>incutit</span> 
     </span>
     <span class='ocr_line' id='line_1_22' title="bbox 78 2371 1140 2466; baseline 0.006 -16"><span class='ocrx_word' id='word_1_158' title='bbox 78 2373 335 2466; x_wconf 90' lang='lat' dir='ltr'>oblivionem,</span> <span class='ocrx_word' id='word_1_159' title='bbox 367 2371 553 2466; x_wconf 88' lang='lat' dir='ltr'>quomodo</span> <span class='ocrx_word' id='word_1_160' title='bbox 574 2373 790 2446; x_wconf 86' lang='lat' dir='ltr'>contrariam</span> <span class='ocrx_word' id='word_1_161' title='bbox 808 2374 884 2466; x_wconf 81' lang='lat' dir='ltr'>ejus</span> <span class='ocrx_word' id='word_1_162' title='bbox 901 2376 1067 2454; x_wconf 85' lang='lat' dir='ltr'>admittet</span> <span class='ocrx_word' id='word_1_163' title='bbox 1083 2401 1140 2456; x_wconf 85' lang='lat' dir='ltr'>re-</span> 
     </span>
     <span class='ocr_line' id='line_1_23' title="bbox 79 2469 1309 2566; baseline -0.008 -16"><span class='ocrx_word' id='word_1_164' title='bbox 79 2469 358 2550; x_wconf 74' lang='lat' dir='ltr'>cordatiorem?</span> <span class='ocrx_word' id='word_1_165' title='bbox 383 2474 466 2564; x_wconf 86' lang='lat' dir='ltr'>quia</span> <span class='ocrx_word' id='word_1_166' title='bbox 484 2471 519 2544; x_wconf 76' lang='lat' dir='ltr'>u</span> <span class='ocrx_word' id='word_1_167' title='bbox 534 2472 607 2566; x_wconf 91' lang='lat' dir='ltr'>ipsa</span> <span class='ocrx_word' id='word_1_168' title='bbox 627 2469 708 2564; x_wconf 91' lang='lat' dir='ltr'>post</span> <span class='ocrx_word' id='word_1_169' title='bbox 726 2471 951 2554; x_wconf 87' lang='lat' dir='ltr'>oblivionem</span> <span class='ocrx_word' id='word_1_170' title='bbox 967 2479 1141 2554; x_wconf 75' lang='lat' dir='ltr'>recorda.</span> <span class='ocrx_word' id='word_1_171' title='bbox 1230 2473 1236 2482; x_wconf 93' lang='lat'>&#39;</span> <span class='ocrx_word' id='word_1_172' title='bbox 1308 2477 1309 2488; x_wconf 70' lang='lat'>‘</span> 
     </span>
     <span class='ocr_line' id='line_1_24' title="bbox 79 2569 1142 2673; baseline 0.004 -23"><span class='ocrx_word' id='word_1_173' title='bbox 79 2575 165 2668; x_wconf 85' lang='lat' dir='ltr'>tio,</span> <span class='ocrx_word' id='word_1_174' title='bbox 198 2573 371 2648; x_wconf 86' lang='lat' dir='ltr'>memoria</span> <span class='ocrx_word' id='word_1_175' title='bbox 392 2571 554 2646; x_wconf 88' lang='lat' dir='ltr'>recidiva</span> <span class='ocrx_word' id='word_1_176' title='bbox 575 2569 638 2646; x_wconf 87' lang='lat' dir='ltr'>est.</span> <span class='ocrx_word' id='word_1_177' title='bbox 689 2571 801 2673; x_wconf 87' lang='lat' dir='ltr'>Quod</span> <span class='ocrx_word' id='word_1_178' title='bbox 818 2573 940 2666; x_wconf 82' lang='lat' dir='ltr'>primae</span> <span class='ocrx_word' id='word_1_179' title='bbox 956 2579 1142 2654; x_wconf 74' lang='lat' dir='ltr'>memoria</span> 
     </span>
     <span class='ocr_line' id='line_1_25' title="bbox 79 2669 1141 2770; baseline 0.005 -20"><span class='ocrx_word' id='word_1_180' title='bbox 79 2669 320 2767; x_wconf 84' lang='lat' dir='ltr'>adversatur,</span> <span class='ocrx_word' id='word_1_181' title='bbox 351 2691 416 2745; x_wconf 84' lang='lat' dir='ltr'>cur</span> <span class='ocrx_word' id='word_1_182' title='bbox 443 2691 520 2746; x_wconf 89' lang='lat' dir='ltr'>noo</span> <span class='ocrx_word' id='word_1_183' title='bbox 549 2669 583 2744; x_wconf 84' lang='lat' dir='ltr'>dc</span> <span class='ocrx_word' id='word_1_184' title='bbox 610 2669 772 2746; x_wconf 74' lang='lat' dir='ltr'>secunde</span> <span class='ocrx_word' id='word_1_185' title='bbox 797 2672 1035 2770; x_wconf 69' lang='lat' dir='ltr'>refragetur?</span> <span class='ocrx_word' id='word_1_186' title='bbox 1070 2679 1141 2754; x_wconf 90' lang='lat' dir='ltr'>Po·</span> 
     </span>
     <span class='ocr_line' id='line_1_26' title="bbox 78 2769 1309 2868; baseline -0.01 -14"><span class='ocrx_word' id='word_1_187' title='bbox 78 2775 239 2866; x_wconf 83' lang='lat' dir='ltr'>stremo,</span> <span class='ocrx_word' id='word_1_188' title='bbox 265 2775 326 2865; x_wconf 91' lang='lat' dir='ltr'>qui</span> <span class='ocrx_word' id='word_1_189' title='bbox 344 2773 453 2868; x_wconf 83' lang='lat' dir='ltr'>magis</span> <span class='ocrx_word' id='word_1_190' title='bbox 471 2769 780 2848; x_wconf 85' lang='lat' dir='ltr'>reminiscerentur</span> <span class='ocrx_word' id='word_1_191' title='bbox 796 2793 899 2865; x_wconf 87' lang='lat' dir='ltr'>quam</span> <span class='ocrx_word' id='word_1_192' title='bbox 912 2777 1071 2868; x_wconf 81' lang='lat' dir='ltr'>pueruli,</span> <span class='ocrx_word' id='word_1_193' title='bbox 1097 2791 1141 2856; x_wconf 82' lang='lat' dir='ltr'>ut</span> <span class='ocrx_word' id='word_1_194' title='bbox 1202 2838 1205 2848; x_wconf 83' lang='lat'>.</span> <span class='ocrx_word' id='word_1_195' title='bbox 1307 2835 1309 2842; x_wconf 13' lang='grc' dir='ltr'><em>Α</em></span> 
     </span>
     <span class='ocr_line' id='line_1_27' title="bbox 78 2871 1140 2967; baseline 0.007 -19"><span class='ocrx_word' id='word_1_196' title='bbox 78 2873 307 2950; x_wconf 79' lang='lat' dir='ltr'>recentiores</span> <span class='ocrx_word' id='word_1_197' title='bbox 331 2873 474 2967; x_wconf 68' lang='lat' dir='ltr'>anime,</span> <span class='ocrx_word' id='word_1_198' title='bbox 508 2887 550 2946; x_wconf 89' lang='lat' dir='ltr'>ut</span> <span class='ocrx_word' id='word_1_199' title='bbox 567 2873 726 2946; x_wconf 89' lang='lat' dir='ltr'>nondum</span> <span class='ocrx_word' id='word_1_200' title='bbox 749 2871 917 2948; x_wconf 81' lang='lat' dir='ltr'>immersae</span> <span class='ocrx_word' id='word_1_201' title='bbox 938 2876 1140 2955; x_wconf 74' lang='lat' dir='ltr'>domesticis</span> 
     </span>
     <span class='ocr_line' id='line_1_28' title="bbox 81 2971 1143 3070; baseline 0 -20"><span class='ocrx_word' id='word_1_202' title='bbox 81 2997 125 3050; x_wconf 73' lang='lat' dir='ltr'>ec</span> <span class='ocrx_word' id='word_1_203' title='bbox 148 2973 306 3068; x_wconf 86' lang='lat' dir='ltr'>publicis&#39;</span> <span class='ocrx_word' id='word_1_204' title='bbox 321 2974 438 3066; x_wconf 88' lang='lat' dir='ltr'>curis,</span> <span class='ocrx_word' id='word_1_205' title='bbox 469 2983 512 3044; x_wconf 91' lang='lat' dir='ltr'>ut</span> <span class='ocrx_word' id='word_1_206' title='bbox 533 2971 612 3068; x_wconf 77' lang='lat' dir='ltr'>ipsis</span> <span class='ocrx_word' id='word_1_207' title='bbox 629 2971 711 3046; x_wconf 89' lang='lat' dir='ltr'>solis</span> <span class='ocrx_word' id='word_1_208' title='bbox 736 2971 865 3048; x_wconf 78' lang='lat' dir='ltr'>deditae</span> <span class='ocrx_word' id='word_1_209' title='bbox 878 2972 1022 3070; x_wconf 88' lang='lat' dir='ltr'>studiis,</span> <span class='ocrx_word' id='word_1_210' title='bbox 1051 2999 1143 3070; x_wconf 91' lang='lat' dir='ltr'>quo-</span> 
     </span>
     <span class='ocr_line' id='line_1_29' title="bbox 78 3067 1281 3158; baseline -0.006 -8"><span class='ocrx_word' id='word_1_211' title='bbox 78 3095 162 3150; x_wconf 83' lang='lat' dir='ltr'>rum</span> <span class='ocrx_word' id='word_1_212' title='bbox 175 3070 352 3148; x_wconf 86' lang='lat' dir='ltr'>discentiae</span> <span class='ocrx_word' id='word_1_213' title='bbox 364 3068 631 3146; x_wconf 69' lang='lat' dir='ltr'>reminiscentiae</span> <span class='ocrx_word' id='word_1_214' title='bbox 646 3067 763 3144; x_wconf 71' lang='lat' dir='ltr'>fiunt?</span> <span class='ocrx_word' id='word_1_215' title='bbox 788 3071 903 3146; x_wconf 88' lang='lat' dir='ltr'>Immo</span> <span class='ocrx_word' id='word_1_216' title='bbox 919 3097 983 3148; x_wconf 90' lang='lat' dir='ltr'>cur</span> <span class='ocrx_word' id='word_1_217' title='bbox 1001 3098 1077 3150; x_wconf 92' lang='lat' dir='ltr'>non</span> <span class='ocrx_word' id='word_1_218' title='bbox 1093 3099 1142 3158; x_wconf 76' lang='lat' dir='ltr'>ex</span> <span class='ocrx_word' id='word_1_219' title='bbox 1174 3136 1178 3147; x_wconf 94' lang='lat'><em>.</em></span> <span class='ocrx_word' id='word_1_220' title='bbox 1280 3139 1281 3143; x_wconf 74' lang='grc'>,</span> 
     </span>
     <span class='ocr_line' id='line_1_30' title="bbox 80 3171 1189 3268; baseline 0.005 -21"><span class='ocrx_word' id='word_1_221' title='bbox 80 3195 189 3268; x_wconf 83' lang='lat' dir='ltr'>aequo</span> <span class='ocrx_word' id='word_1_222' title='bbox 205 3194 331 3246; x_wconf 81' lang='lat' dir='ltr'>omnes</span> <span class='ocrx_word' id='word_1_223' title='bbox 344 3171 598 3266; x_wconf 87' lang='lat' dir='ltr'>recordamur,</span> <span class='ocrx_word' id='word_1_224' title='bbox 625 3191 705 3244; x_wconf 91' lang='lat' dir='ltr'>cum</span> <span class='ocrx_word' id='word_1_225' title='bbox 725 3191 771 3246; x_wconf 86' lang='lat' dir='ltr'>ex</span> <span class='ocrx_word' id='word_1_226' title='bbox 786 3191 889 3264; x_wconf 76' lang='lat' dir='ltr'>aequo</span> <span class='ocrx_word' id='word_1_227' title='bbox 908 3195 1033 3250; x_wconf 88' lang='lat' dir='ltr'>omnes</span> <span class='ocrx_word' id='word_1_228' title='bbox 1050 3177 1143 3252; x_wconf 91' lang='lat' dir='ltr'>obli·</span> <span class='ocrx_word' id='word_1_229' title='bbox 1175 3211 1189 3231; x_wconf 54' lang='grc' dir='ltr'>ν</span> 
     </span>
     <span class='ocr_line' id='line_1_31' title="bbox 81 3267 1156 3369; baseline 0.007 -23"><span class='ocrx_word' id='word_1_230' title='bbox 81 3271 283 3350; x_wconf 82' lang='lat' dir='ltr'>viscamurl</span> <span class='ocrx_word' id='word_1_231' title='bbox 305 3271 377 3346; x_wconf 89' lang='lat' dir='ltr'>Sed</span> <span class='ocrx_word' id='word_1_232' title='bbox 391 3269 641 3346; x_wconf 87' lang='lat' dir='ltr'>tantummodo</span> <span class='ocrx_word' id='word_1_233' title='bbox 658 3267 863 3368; x_wconf 87' lang='lat' dir='ltr'>Philosophi</span> <span class='ocrx_word' id='word_1_234' title='bbox 881 3295 927 3348; x_wconf 90' lang='lat' dir='ltr'>ne</span> <span class='ocrx_word' id='word_1_235' title='bbox 943 3275 980 3348; x_wconf 92' lang='lat' dir='ltr'>hi</span> <span class='ocrx_word' id='word_1_236' title='bbox 998 3276 1156 3369; x_wconf 83' lang='lat' dir='ltr'>quidem·</span> 
     </span>
     <span class='ocr_line' id='line_1_32' title="bbox 81 3369 1142 3474; baseline 0.001 -23"><span class='ocrx_word' id='word_1_237' title='bbox 81 3395 223 3451; x_wconf 85' lang='lat' dir='ltr'>omnea.</span> <span class='ocrx_word' id='word_1_238' title='bbox 273 3371 378 3446; x_wconf 92' lang='lat' dir='ltr'>Plato</span> <span class='ocrx_word' id='word_1_239' title='bbox 402 3371 536 3445; x_wconf 88' lang='lat' dir='ltr'>scilicet</span> <span class='ocrx_word' id='word_1_240' title='bbox 560 3369 656 3446; x_wconf 84' lang='lat' dir='ltr'>solus</span> <span class='ocrx_word' id='word_1_241' title='bbox 675 3372 715 3444; x_wconf 90' lang='lat' dir='ltr'>in</span> <span class='ocrx_word' id='word_1_242' title='bbox 734 3385 835 3448; x_wconf 85' lang='lat' dir='ltr'>tanta</span> <span class='ocrx_word' id='word_1_243' title='bbox 855 3375 1014 3470; x_wconf 83' lang='lat' dir='ltr'>gentium</span> <span class='ocrx_word' id='word_1_244' title='bbox 1038 3376 1142 3474; x_wconf 82' lang='lat' dir='ltr'>silva,</span> 
     </span>
     <span class='ocr_line' id='line_1_33' title="bbox 79 3469 1142 3566; baseline 0 -14"><span class='ocrx_word' id='word_1_245' title='bbox 79 3477 120 3552; x_wconf 83' lang='lat' dir='ltr'>in</span> <span class='ocrx_word' id='word_1_246' title='bbox 141 3487 247 3548; x_wconf 86' lang='lat' dir='ltr'>tanto</span> <span class='ocrx_word' id='word_1_247' title='bbox 266 3471 474 3566; x_wconf 83' lang='lat' dir='ltr'>sapientium</span> <span class='ocrx_word' id='word_1_248' title='bbox 492 3487 621 3566; x_wconf 77' lang='lat' dir='ltr'>prato,</span> <span class='ocrx_word' id='word_1_249' title='bbox 645 3469 859 3550; x_wconf 83' lang='lat' dir='ltr'>idearum&amp;</span> <span class='ocrx_word' id='word_1_250' title='bbox 881 3475 1015 3548; x_wconf 86' lang='lat' dir='ltr'>oblitus</span> <span class='ocrx_word' id='word_1_251' title='bbox 1036 3477 1142 3552; x_wconf 84' lang='lat' dir='ltr'>&amp;re-</span> 
     </span>
     <span class='ocr_line' id='line_1_34' title="bbox 83 3569 1252 3672; baseline 0.003 -22"><span class='ocrx_word' id='word_1_252' title='bbox 83 3573 255 3650; x_wconf 80' lang='lat' dir='ltr'>cordatus</span> <span class='ocrx_word' id='word_1_253' title='bbox 270 3573 331 3647; x_wconf 90' lang='lat' dir='ltr'>est.</span> <span class='ocrx_word' id='word_1_254' title='bbox 379 3569 641 3669; x_wconf 82' lang='lat' dir='ltr'>igiturfinullo</span> <span class='ocrx_word' id='word_1_255' title='bbox 655 3571 767 3648; x_wconf 90' lang='lat' dir='ltr'>modo</span> <span class='ocrx_word' id='word_1_256' title='bbox 785 3571 942 3648; x_wconf 76' lang='lat' dir='ltr'>consistit</span> <span class='ocrx_word' id='word_1_257' title='bbox 957 3593 1143 3669; x_wconf 78' lang='lat' dir='ltr'>argumen-</span> <span class='ocrx_word' id='word_1_258' title='bbox 1250 3661 1252 3672; x_wconf 60' lang='grc'>,</span> 
     </span>
     <span class='ocr_line' id='line_1_35' title="bbox 82 3669 1141 3771; baseline 0.001 -20"><span class='ocrx_word' id='word_1_259' title='bbox 82 3677 179 3752; x_wconf 86' lang='lat' dir='ltr'>tatio</span> <span class='ocrx_word' id='word_1_260' title='bbox 196 3671 259 3748; x_wconf 91' lang='lat' dir='ltr'>ista</span> <span class='ocrx_word' id='word_1_261' title='bbox 274 3671 474 3768; x_wconf 75' lang='lat' dir='ltr'>praecipua,</span> <span class='ocrx_word' id='word_1_262' title='bbox 500 3685 621 3746; x_wconf 85' lang='lat' dir='ltr'>totum</span> <span class='ocrx_word' id='word_1_263' title='bbox 635 3669 723 3744; x_wconf 90' lang='lat' dir='ltr'>illud</span> <span class='ocrx_word' id='word_1_264' title='bbox 738 3671 871 3764; x_wconf 87' lang='lat' dir='ltr'>pariter</span> <span class='ocrx_word' id='word_1_265' title='bbox 891 3677 1054 3751; x_wconf 87' lang='lat' dir='ltr'>eversum</span> <span class='ocrx_word' id='word_1_266' title='bbox 1075 3677 1141 3771; x_wconf 86' lang='lat' dir='ltr'>est,</span> 
     </span>
     <span class='ocr_line' id='line_1_36' title="bbox 79 3769 1144 3869; baseline -0.001 -17"><span class='ocrx_word' id='word_1_267' title='bbox 79 3778 143 3863; x_wconf 80' lang='lat' dir='ltr'>,cui</span> <span class='ocrx_word' id='word_1_268' title='bbox 160 3773 432 3848; x_wconf 89' lang='lat' dir='ltr'>accommodata</span> <span class='ocrx_word' id='word_1_269' title='bbox 449 3769 522 3868; x_wconf 87' lang='lat' dir='ltr'>est,</span> <span class='ocrx_word' id='word_1_270' title='bbox 545 3787 588 3846; x_wconf 90' lang='lat' dir='ltr'>ut</span> <span class='ocrx_word' id='word_1_271' title='bbox 608 3771 730 3844; x_wconf 82' lang='lat' dir='ltr'>annnae</span> <span class='ocrx_word' id='word_1_272' title='bbox 747 3770 781 3842; x_wconf 80' lang='lat' dir='ltr'>dr</span> <span class='ocrx_word' id='word_1_273' title='bbox 796 3771 946 3869; x_wconf 74' lang='lat' dir='ltr'>innota,</span> <span class='ocrx_word' id='word_1_274' title='bbox 973 3777 1060 3850; x_wconf 83' lang='lat' dir='ltr'>&amp;in</span> <span class='ocrx_word' id='word_1_275' title='bbox 1073 3797 1144 3850; x_wconf 78' lang='lat' dir='ltr'>cor-</span> 
     </span>
     <span class='ocr_line' id='line_1_37' title="bbox 82 3869 1145 4049; baseline -0.006 -93"><span class='ocrx_word' id='word_1_276' title='bbox 82 3875 231 3956; x_wconf 74' lang='lat' dir='ltr'>laubos</span> <span class='ocrx_word' id='word_1_277' title='bbox 253 3871 498 3974; x_wconf 71' lang='lat' dir='ltr'>conversare,</span> <span class='ocrx_word' id='word_1_278' title='bbox 526 3869 733 3950; x_wconf 80' lang='lat' dir='ltr'>&amp;consciae</span> <span class='ocrx_word' id='word_1_279' title='bbox 752 3871 959 3976; x_wconf 86' lang='lat' dir='ltr'>diviporum</span> <span class='ocrx_word' id='word_1_280' title='bbox 978 3878 1083 4049; x_wconf 74' lang='lat' dir='ltr'>illicd,</span> <span class='ocrx_word' id='word_1_281' title='bbox 1109 3875 1145 3950; x_wconf 77' lang='lat' dir='ltr'>ir</span> 
     </span>
    </p>

    <p class='ocr_par' dir='ltr' id='par_1_5' title="bbox 1011 3997 1093 4050">
     <span class='ocr_line' id='line_1_38' title="bbox 1011 3997 1093 4050; baseline 0.024 -2"><span class='ocrx_word' id='word_1_282' title='bbox 1011 3997 1093 4050; x_wconf 89' lang='lat' dir='ltr'>me</span> 
     </span>
    </p>
   </div>
   <div class='ocr_carea' id='block_1_3' title="bbox 0 0 1328 4336">
    <p class='ocr_par' dir='ltr' id='par_1_6' title="bbox 0 0 1328 4336">
     <span class='ocr_line' id='line_1_39' title="bbox 0 0 1328 4336; baseline 0 0"><span class='ocrx_word' id='word_1_283' title='bbox 0 0 1328 4336; x_wconf 95' lang='lat' dir='ltr'> </span> 
     </span>
    </p>
   </div>
  </div>
 </body>
</html>
