2638 4342
156 147 233 252 ⁶9⁶
318 149 367 250 Q.
390 143 523 223 sm.
552 140 692 222 reor:
722 141 1068 242 Terruerunt

85 361 90 368 ·
157 319 248 398 Flos
264 311 471 402 hominum,
496 307 634 384 mundo
647 309 811 393 lucentes
825 305 959 384 lumine
976 303 1122 400 cerini,

159 419 211 498 Et
229 411 404 501 comites,
429 409 464 480 dc
477 407 686 501 apostolici,
711 409 772 500 qui
786 429 876 482 vera
889 407 1020 504 locuti,

158 517 318 594 Auribus
340 512 533 602 audivere,
546 509 673 590 ,oculis
691 509 815 584 videre
834 508 994 601 salutem,

159 612 382 694 Tentavere
397 631 504 696 manu
517 629 651 700 corpur
667 607 712 684 de
728 625 846 684 morte
859 623 1059 705 receptum,

160 715 374 790 convixere
387 712 471 784 cibo
487 709 634 802 assidue,
659 707 833 782 testantur
849 723 891 780 ut
907 709 980 806 ipsr.

160 816 274 894 Hunc
293 811 421 885 Paulus
438 807 621 904 praeledtus
641 807 838 902 Apostolus
859 809 897 882 in
919 809 1002 882 vice
1019 803 1155 903 miuus,

159 915 203 996 ln
219 911 463 1006 coeiosraptus
482 908 576 982 vidit
596 929 761 1000 quoque3
786 909 903 982 missus
920 909 963 982 ab
980 907 1061 1001 illo,
1138 991 1140 994 ,

160 1013 322 1092 uenata
339 1032 419 1084 cum
435 1009 590 1099 comite,
614 1005 789 1100 sociisque
809 1007 1012 1100 prioribus,
1037 1025 1116 1080 uno
1205 1063 1208 1073 .

160 1111 313 1194 Fetere
327 1107 546 1200 coniuntiis,
572 1127 636 1200 per
652 1121 777 1204 gentes
796 1109 904 1180 tradit
920 1111 1054 1198 ubique

161 1212 244 1291 Esse
264 1223 372 1304 caput
389 1206 591 1300 Christum,
617 1205 697 1280 sunt
712 1208 812 1298 cujus
830 1205 987 1282 Ecclesia
1002 1208 1180 1300 membra,

71 1319 82 1336 ·
163 1311 342 1405 terporis
360 1307 432 1402 ipse
452 1306 564 1398 salus,
590 1308 830 1382 membrorum
847 1307 924 1380 vita
941 1306 1125 1399 perennis,

161 1411 240 1508 Ipse
258 1429 344 1484 caro
359 1407 494 1498 fadus,
518 1427 588 1500 pro
606 1403 739 1478 cunsiis
752 1405 825 1499 ipse
839 1419 1061 1498 peremptus,

161 1511 243 1608 Ipse
261 1508 454 1582 resurrexit
469 1507 623 1602 primus,
648 1503 725 1600 spes
742 1527 813 1580 una
831 1505 966 1596 salutis,

162 1609 427 1718 Discipulisque
444 1603 511 1680 suis
529 1605 681 1691 sormam
699 1605 821 1700 dedit,
846 1606 883 1680 hi
904 1603 1004 1678 fimul
1023 1623 1154 1680 omnes

163 1710 331 1806 Indignas
348 1707 450 1786 varie
465 1727 585 1800 poenas
600 1727 666 1800 pro
683 1707 830 1782 nomine
845 1703 936 1800 palii.

138 1809 142 1815 '
218 1818 249 1892 8.
275 1805 379 1882 Talia
397 1809 556 1882 membra
570 1809 663 1901 gerit
678 1803 838 1898 specioso
852 1823 1012 1898 corpore
1026 1817 1145 1879 mater

164 1909 319 2000 Lnera,
346 1905 444 1998 quod
461 1927 641 1998 nunquam
658 1905 804 1980 Domini
823 1917 1001 1998 praecepta
1016 1903 1179 1999 reliquit,

120 2099 122 2104 ¹
164 2009 280 2100 loque
297 2005 408 2078 domo
431 2003 567 2097 senuit,
595 2005 761 2078 Domino
777 2003 952 2080 leuiffima
966 2001 1118 2098 semper,

164 2105 365 2196 Invidiam,
389 2125 533 2200 poenas,
553 2106 629 2196 ejus
649 2125 717 2197 pro
736 2105 883 2180 nomine
900 2099 1003 2196 palla.

166 2203 264 2284 Nam
280 2203 405 2278 sterilis
418 2204 608 2298 quoniam,
633 2204 794 2278 nondum
808 2202 928 2277 secum
942 2202 1070 2298 futuri,

166 2303 330 2388 Ediderit
346 2305 520 2398 populum
536 2301 667 2380 coelesti
687 2303 818 2380 semine
833 2319 970 2396 natum,

138 2458 143 2478 .
167 2405 295 2498 Atque
307 2401 375 2478 sue
388 2405 526 2480 famulae
541 2403 707 2498 portavit
723 2403 839 2501 spreta
855 2403 1042 2478 dolorem:

168 2505 276 2584 Hanc
291 2501 443 2580 sterilem
457 2503 650 2596 quondam,
663 2525 758 2576 nunc
769 2519 909 2600 tempus
921 2523 1071 2578 cernere
1081 2513 1239 2582 matrem

168 2601 358 2700 Heredem
375 2617 496 2676 netum
514 2601 580 2677 suae
595 2599 769 2678 libertatis
788 2603 933 2698 habere,
1107 2617 1110 2628 ·

168 2703 262 2780 Non
277 2703 421 2776 similem
438 2701 596 2796 santulo,
623 2723 821 2794 quenquam
839 2701 884 2776 de
901 2701 1030 2778 semine
1045 2702 1127 2778 celi

169 2799 401 2896 conceptum
417 2804 560 2896 genuit,
587 2801 649 2878 libi
670 2804 882 2876 conditione
895 2805 1072 2899 jugatum,

169 2901 295 2993 Abiit,
322 2913 365 2972 ut
382 2901 514 2976 illicitis
533 2903 655 2976 verbis
670 2905 856 2978 temeraria
875 2923 976 2976 voce

169 3000 346 3100 Egregios
363 2999 547 3095 homines,
574 3003 731 3076 ardentia
746 3001 856 3076 srdera
870 3003 966 3096 coeli,
1043 3049 1044 3064 ι

171 3102 315 3177 Semina
329 3099 542 3196 conjunctos
561 3115 718 3193 tantum,
746 3103 808 3174 vel
824 3101 991 3200 sanguine
1010 3097 1124 3198 plebi,

172 3199 215 3276 ln
234 3201 384 3274 solidum
397 3201 513 3296 passim
529 3203 698 3276 famulum
714 3201 837 3274 dicatis
856 3215 1032 3294 atrocem,

35 3301 37 3308 ’
175 3299 254 3374 Aut
265 3301 441 3394 populum
453 3300 625 3394 Domini,
651 3302 737 3398 legis
751 3301 916 3378 mandata
934 3297 1108 3396 secutum,

173 3399 305 3472 Servili
319 3395 434 3492 specie
451 3401 632 3492 quisquam
649 3413 753 3494 putet
769 3398 837 3474 elie
849 3401 1082 3493 loquendum

176 3497 247 3572 Sed
266 3513 499 3593 peccatorum
513 3513 663 3574 vacuam
682 3501 754 3574 line
773 3513 894 3574 mente
911 3515 1109 3594 catervam,

176 3597 249 3696 Qui
263 3596 430 3691 promissa
448 3597 541 3693 Dei,
568 3601 674 3675 dubia
691 3599 771 3694 spe,
800 3600 912 3674 corde
927 3603 1116 3695 locarunt,

174 3694 357 3770 Praesentis
374 3699 460 3770 vitae
481 3698 606 3773 misera
626 3700 812 3774 dulcedine
834 3699 965 3790 vidos,
1132 3739 1134 3742 ·

173 3793 309 3876 Debita
325 3793 476 3870 servitio
494 3801 619 3913 capitis
632 3797 692 3874 sua
707 3801 811 3894 culpa
829 3797 984 3896 subisset,

374 3951 377 3958 ,
1155 3897 1211 3974 Si·
