2540 4334
167 178 217 282 §8
307 171 691 279 Q.Sarchom
716 169 1090 250 Trarotrrnrtr
1136 214 1140 225 =

167 327 234 418 tei
257 339 395 436 virgo,
428 357 505 430 quae
529 327 645 410 videri
670 339 788 413 volet.
839 335 1002 412 Invicem
1025 333 1060 410 se
1081 335 1251 430 ejusdem

169 441 365 515 oculorum
384 459 517 535 genera
539 438 748 512 desrderant.
807 433 977 530 Ejusdem
996 437 1160 509 libidinis
1188 435 1248 530 est,

168 543 286 616 videri
301 540 334 613 dt
351 539 488 614 videre.
540 535 632 612 Tam
647 535 752 610 sancii
769 537 836 610 viri
854 533 905 609 est
919 536 1105 628 subfundi,
1133 537 1160 610 fi
1180 539 1249 610 vir·

168 643 290 740 ginem
307 640 461 733 viderit,
481 659 585 732 quam
602 637 725 712 sanila
736 637 906 732 virginis,
921 635 945 708 fi
961 657 981 707 a
996 638 1081 708 viro
1098 634 1187 709 visa
1200 637 1248 712 srt

247 763 280 834 3.
307 736 378 813 Sed
396 759 466 812 nec
490 743 585 812 inter
607 735 883 811 consuetudines
913 734 1085 829 dispicere
1111 739 1248 812 volue-

169 852 257 914 runt
279 837 328 912 illi
353 838 545 914 sanctisimi
560 836 810 916 antecessores.
862 834 1003 910 Tamen
1017 837 1251 911 tolerabilius

171 941 267 1034 epod
287 959 381 1028 nos3
409 938 589 1034 adusque
612 939 803 1032 proxime,
827 939 970 1030 utrique
992 935 1249 1012 consuetudini

174 1040 546 1116 communicabatur.·
580 1036 748 1112 Arbitrio
778 1037 939 1134 pernulla
968 1059 1025 1108 res
1054 1051 1167 1132 erat,
1211 1055 1249 1112 ut

171 1159 323 1232 quaeque
338 1135 529 1228 voluissem
557 1153 618 1212 aut
633 1141 706 1234 tegi
727 1153 789 1212 aut
807 1135 996 1232 prostitui,
1023 1135 1115 1210 srcut
1132 1133 1172 1212 dt
1189 1159 1248 1214 nu·

171 1241 282 1328 bere;
309 1237 407 1329 quod
422 1237 455 1310 a
468 1235 581 1332 ipsum
596 1257 713 1331 neque
729 1237 872 1334 cogitur
883 1257 1002 1330 neque
1015 1239 1247 1332 prohibetur.

170 1337 358 1412 Contenta
376 1352 453 1412 erat
470 1341 625 1434 veritas,
652 1337 780 1433 pacisci
798 1359 879 1412 cum
894 1335 1184 1434 consuetudine,
1212 1355 1248 1413 ut

153 1439 282 1512 ¹tacite
305 1435 367 1510 sub
392 1437 658 1512 consuetudinis
684 1441 830 1512 nomine
850 1437 1031 1512 frueretur
1049 1436 1085 1510 se
1107 1443 1181 1513 vel
1209 1462 1249 1515 er

169 1551 287 1634 parte.
338 1535 410 1610 Sed
428 1536 598 1631 quoniam
621 1553 779 1633 coeperat
806 1540 939 1634 agnitio
966 1533 1178 1635 proficere,
1213 1553 1248 1614 ut

170 1657 238 1734 per
257 1637 438 1711 licentiam
459 1639 645 1732 utriusque
663 1640 774 1713 moris
797 1637 966 1712 indicium
985 1639 1150 1721 melioris
1168 1663 1249 1736 par·

137 1771 140 1779 ¹
169 1739 217 1811 tis
235 1752 451 1834 emergeret:
476 1737 596 1826 statim
605 1739 666 1812 ille
682 1737 900 1813 adversarius
914 1741 1094 1812 bonorum
1107 1745 1246 1816 multo

171 1849 243 1930 que
264 1837 530 1932 institutorum,
557 1859 649 1931 opus
670 1837 768 1913 suum
788 1837 886 1912 fecit.
938 1838 1118 1925 Ambiunt
1133 1841 1246 1942 virgi-

168 1955 234 2010 nes
257 1937 474 2029 hominum,
510 1937 677 2010 adversus
699 1937 857 2036 virgines
881 1937 978 2030 Dei,
1010 1937 1105 2010 nuda
1135 1944 1247 2034 plane

169 2035 317 2124 fronte3
345 2037 533 2110 temerarie
547 2038 728 2111 audaciam
751 2038 936 2132 excitata,
964 2037 1176 2135 &virgines
1196 2043 1249 2116 vi·

170 2135 327 2230 dentur,
355 2155 431 2227 quae
457 2137 588 2228 aliquid
610 2137 737 2211 aniris
755 2152 880 2232 petere
903 2137 1067 2232 pollunta
1103 2141 1245 2218 nedum

170 2233 413 2330 calefactum,
441 2249 483 2308 ut
505 2235 641 2310 scilicet
664 2239 796 2310 amulae
820 2257 966 2330 earum,
999 2251 1103 2311 tanto
1133 2244 1247 2341 magia

169 2335 313 2427 liberae,
347 2349 484 2428 quanto
507 2335 636 2410 Christi
658 2335 765 2412 solius
784 2337 943 2432 ancille,
968 2337 1246 2419 dedanturilh'a

170 2431 478 2529 scandalizamur,
504 2435 698 2530 inquiunt,
734 2439 815 2530 quia
837 2437 939 2509 aliter
957 2439 1032 2511 alia
1050 2437 1245 2540 incedunt,

169 2533 207 2606 dt
227 2536 364 2606 malunt
378 2533 605 2609 scandalizari
626 2559 730 2630 quam
750 2535 960 2629 provocari.
1011 2537 1244 2640 scandalum,

169 2631 235 2706 nisr
257 2631 388 2727 fallor,
414 2655 490 2710 non
512 2637 619 2710 bona·
640 2640 718 2729 rei,
743 2635 803 2710 sed
822 2639 922 2710 malae
947 2639 1155 2734 exemplum
1171 2643 1244 2742 est,

168 2729 348 2808 adificans
365 2735 408 2807 ad
428 2735 605 2812 delictum.
656 2735 767 2809 Bonae
787 2755 844 2808 res
868 2737 1047 2812 neminem
1071 2736 1244 2816 scandali·

83 2877 88 2898 .
170 2845 278 2925 zant,
306 2833 367 2907 nisr
388 2837 513 2908 malam
533 2849 700 2912 mentem.
755 2835 792 2908 Si
815 2837 954 2912 bonum
979 2837 1030 2911 est
1049 2841 1244 2939 modestia,

170 2935 413 3026 verecundia,
439 2935 613 3010 fastidium
635 2935 782 3032 glorie,
813 2935 879 3010 soli
895 2937 980 3010 Deo
999 2950 1150 3031 captans
1170 2945 1245 3036 pla·

171 3051 273 3105 cere:
302 3033 496 3128 agnoscant
508 3037 638 3108 malum
653 3035 773 3130 suum,
796 3037 934 3128 quade
951 3037 1131 3113 calibono
1146 3039 1245 3115 scan-

171 3129 381 3208 dalizantur.
441 3133 539 3230 Quid
565 3135 699 3208 enimsi
723 3133 1045 3212 &incontinentes
1063 3133 1194 3214 dicant
1210 3141 1245 3216 se

169 3251 191 3302 a
207 3233 475 3306 continentibus
493 3231 740 3326 scandalizari,
779 3235 1006 3310 continentia
1027 3241 1249 3316 revocanda

168 3327 248 3402 est?
282 3325 330 3403 Et
352 3353 398 3404 ne
419 3333 521 3406 multi
546 3335 652 3404 nobis
677 3331 979 3432 scandalizentur,
1004 3341 1246 3436 monogamia

167 3424 361 3504 recusanda
383 3429 456 3503 est?
491 3430 564 3502 Cur
586 3453 662 3505 non
681 3433 791 3530 magis
815 3434 871 3508 hae
894 3451 1113 3532 querantur,
1145 3439 1246 3516 scan-

168 3525 252 3604 dalo
275 3531 337 3604 libi
358 3529 428 3604 else
445 3533 699 3626 petulantiam,
726 3535 982 3628 impudentiam
999 3537 1245 3615 ostentaticiae

167 3625 412 3724 virginitatis?
438 3629 594 3726 Propter
612 3633 786 3726 ejusmodi
805 3635 915 3732 igitur
929 3637 1046 3730 capita
1061 3641 1246 3726 nundina·

168 3725 274 3821 titia,
310 3729 496 3804 trahantur
520 3733 679 3829 virgines
703 3731 824 3809 sandlae
850 3737 886 3808 in
913 3737 1124 3831 ecclesiam,
1164 3761 1246 3814 ern·

166 3823 375 3934 hebentes,
402 3831 500 3922 quod
517 3831 783 3932 cognoscantur
802 3833 840 3912 in
859 3836 1007 3944 mediol
1040 3856 1248 3938 paventer,

237 3956 243 3966 ·
602 3959 622 3972 r
998 3959 1021 4016 .·
1051 3937 1054 3944 '
1083 3941 1202 4034 quod
