2602 4336
352 197 785 294 peinana
1059 233 1130 312 345
1237 279 1240 284 .

68 377 244 468 animale,
277 371 402 468 postea
423 373 588 470 spiritale.
644 373 758 470 Nam,
792 373 853 450 etsr
877 371 993 449 Adam
1014 373 1131 452 statim

65 475 327 578 prophetavit,
353 495 517 572 magnum
532 473 620 548 illud
636 472 890 550 {iuramentum
903 476 939 548 in
953 473 1130 552 Christum

67 577 102 651 dt
117 575 340 649 Ecclesramt
377 577 442 647 Hor
457 599 552 646 nunc
571 601 603 646 os
626 599 665 645 ex
685 571 797 666 offibus
817 583 916 670 meis,
949 574 989 653 Θ
1004 601 1074 649 caro
1092 601 1132 648 ex

67 701 166 748 carrae
189 701 274 748 mea:
305 693 434 773 propter
451 677 506 746 hac
521 677 678 773 relinquet
695 677 783 748 homo
796 693 917 772 patrem
934 674 973 754 (ὅ
988 695 1132 768 matrem,

68 777 107 855 U
130 775 395 872 adglutimbt'tst
418 781 511 846 uxori
526 777 611 866 fite,
638 775 676 853 ὅ
697 793 794 848 erunt
818 779 874 846 duo
897 781 932 846 in
954 803 1050 850 unam
1065 805 1132 849 car·

68 903 161 950 nem:
187 875 420 950 accidentiam
434 874 571 970 spiritus
586 873 711 970 pulsus.
745 877 885 950 Cecidit
897 877 991 952 enim
1007 878 1136 952 extasrt

69 977 177 1074 super
191 977 316 1069 illum,
345 971 448 1050 santii
468 973 607 1072 spiritus
630 979 685 1050 vis
712 978 895 1071 operatrix
919 975 1132 1072 Prophetiae.

70 1077 170 1154 Nam
186 1075 220 1150 dt
234 1077 346 1150 malus
358 1073 498 1170 spiritus
511 1075 675 1150 accidens
689 1097 744 1150 res
760 1075 820 1151 est.
871 1075 1039 1168 Denique
1050 1077 1134 1152 Sau-

39 1206 44 1219 ·
66 1177 144 1254 lem
159 1191 232 1252 tam
250 1175 319 1250 Dei
336 1173 475 1270 spiritus
495 1175 618 1270 postea
632 1177 746 1250 vertit
761 1177 798 1250 in
817 1177 923 1250 alium
937 1179 1075 1271 virum,
1098 1177 1135 1252 id

72 1278 126 1354 est
142 1279 180 1352 in
195 1275 424 1371 Propheten‚
451 1275 766 1370 cumulamen,
793 1279 882 1370 Quid
898 1279 952 1348 hoc
963 1279 1038 1368 filio
1057 1271 1137 1350 Cis?
1271 1341 1275 1365 ,

73 1405 120 1453 an
141 1375 180 1454 U
195 1378 276 1448 Saul
293 1383 329 1444 in
352 1372 542 1474 Prophetis?
566 1399 668 1471 quam
685 1377 844 1452 &malus
857 1376 998 1470 spiritus
1011 1375 1136 1472 postea
1189 1455 1199 1474 ,

74 1477 214 1556 evertit
240 1476 277 1550 in
302 1475 407 1550 alium
430 1475 572 1570 virum,
603 1477 640 1550 in
662 1478 855 1570 apostatam
875 1475 1019 1553 scilicet.
1077 1477 1099 1574 J
1124 1517 1138 1536 ·

74 1579 157 1656 dam
176 1597 320 1670 quoque
336 1576 548 1668 aliquamdiu
567 1599 647 1650 cum
664 1575 1010 1670 eledis'deputa'tum
1022 1597 1137 1670 usque

76 1679 123 1754 ad
142 1677 348 1751 loculorum
369 1673 546 1768 officium,
573 1677 634 1750 etsr
653 1679 725 1772 jam
740 1677 1005 1772 fraudatorem,
1031 1677 1138 1750 tradi·
1163 1673 1172 1698 ¹

74 1793 198 1853 torem
212 1775 357 1850 tandem
370 1775 551 1870 nondum,
570 1775 694 1872 postea
709 1777 872 1852 diabolus
885 1779 1045 1853 intravit.
1072 1777 1140 1874 Igi-

72 1891 138 1958 tur
154 1877 179 1951 ir
194 1897 311 1970 neque
323 1875 416 1969 Dei,
441 1895 560 1968 neque
573 1877 708 1951 diaboli
727 1877 865 1972 spiritus
884 1899 929 1950 ex
946 1879 1139 1954 nativitate

76 1974 280 2051 conseritur
299 1977 440 2069 anime,
466 1973 575 2050 solam
599 1999 676 2050 eam
698 1976 941 2052 constat'ante
965 1993 1139 2052 eventum

69 2077 218 2172 spiritus
232 2077 435 2170 utriusque,
453 2074 858 2172 srsolam&s1mplicem
876 2077 1139 2153 &uniformem
1206 2118 1211 2129 ·

73 2173 276 2252 substantiae
294 2178 461 2268 nomine,
494 2189 601 2268 atque
619 2176 669 2249 ita
690 2177 767 2253 non
791 2177 932 2253 aliunde
950 2170 1140 2274 spirantem

79 2297 185 2371 quam
202 2297 247 2348 ex
262 2273 457 2348 substantiae
477 2274 545 2348 suae
564 2275 672 2351 sorte.

156 2397 211 2451 12.
238 2373 451 2448 Proinde&
473 2375 647 2472 animum,
672 2375 747 2450 five
762 2397 862 2452 mens
880 2375 950 2470 est,
976 2405 1028 2464 rue
1046 2375 1140 2472 apud

79 2473 259 2568 Grecos,
293 2495 370 2548 non
406 2475 501 2548 aliud
533 2476 617 2568 quid
642 2477 895 2574 intelligimus,
934 2497 1038 2570 quam
1062 2475 1140 2574 sug·

78 2575 215 2676 gestum
237 2575 360 2648 animoa
382 2575 580 2672 ingenitum
600 2575 788 2652 &infatua
811 2577 1034 2651 &nativitus
1057 2597 1142 2670 pro·

77 2677 219 2774 prium,
253 2695 326 2767 quo
354 2677 453 2772 agit,
488 2695 562 2767 quo
588 2674 700 2771 sapit,
736 2698 840 2770 quem
865 2675 982 2750 secum
1005 2677 1141 2750 habent

79 2797 125 2850 er
144 2773 347 2868 semetipsa,
373 2773 407 2849 se
432 2787 666 2849 commoveat
685 2777 722 2850 in
739 2773 942 2870 semetipsa,
970 2791 1077 2868 atque
1093 2777 1144 2850 ita

78 2875 225 2952 moveri
249 2875 417 2949 videatur
439 2875 482 2948 ab
504 2877 568 2948 illo
586 2891 755 2967 tanquam
774 2875 963 2950 substantia
985 2877 1075 2970 alia,
1101 2889 1152 2950 ut·

79 2977 216 3049 volunt
229 2975 289 3066 qui
305 2975 412 3048 etiam
425 2975 664 3049 univerfitan's
678 2989 898 3050 motatorem
915 2977 1068 3051 animum
1084 2973 1146 3048 de·

50 3108 54 3118 ·
79 3089 257 3168 cernunt,
283 3075 382 3148 illum
399 3073 519 3150 Deum
533 3073 717 3168 Socratis,
742 3073 1144 3151 illumvalentiniMo·

78 3196 262 3273 nogenem
286 3195 331 3247 ex
357 3187 458 3269 patre
480 3175 607 3270 βυθῳ,
642 3175 676 3250 dt
701 3187 816 3250 matre
837 3201 946 3268 arpa,
983 3173 1145 3270 qtramvia

80 3276 309 3372 Anaxagorae
343 3275 487 3348 turbata
521 3273 697 3348 sententia
737 3275 797 3350 est.
867 3273 1011 3350 Initium
1051 3276 1146 3354 enim

81 3376 245 3452 omnium
260 3388 523 3450 commentatus
537 3375 710 3470 animum,
733 3389 775 3452 ut
788 3374 1028 3450 univemtatis
1043 3371 1146 3452 oscil-

79 3477 155 3554 lum
180 3474 226 3548 de
246 3473 340 3548 illius
366 3497 433 3548 axe
455 3473 687 3572 suspendens,
721 3495 920 3571 purumque
940 3495 1022 3550 eum
1043 3469 1148 3550 adfir-

77 3595 205 3668 mans,
232 3573 471 3666 &implicem
488 3575 884 3666 &incommiscibilem
910 3575 984 3649 hoe
999 3577 1060 3651 vei
1075 3595 1148 3652 ma·
1209 3587 1215 3596 '

80 3679 179 3754 xime
199 3673 309 3746 titulo
335 3675 492 3772 segregat
515 3674 557 3748 ab
580 3676 703 3748 animae
729 3671 1007 3768 commistione,
1041 3675 1148 3748 &ta-

8 3823 9 3828 x
80 3795 164 3852 men
182 3773 336 3847 eundem
350 3775 433 3848 alibi
453 3775 603 3849 animam
618 3775 737 3852 edicit.
788 3775 874 3850 Hoc
891 3775 996 3850 etiam
1013 3771 1149 3850 Aristo·

8 3961 9 3984 ζ
81 3880 174 3972 teies
188 3873 406 3977 denotarit,
422 3871 543 3954 nescio
556 3893 601 3952 m
608 3871 672 4058 {aa
684 3877 843 3973 paratior
858 3877 1150 4048 implerehquam

8 4015 10 4030 l
306 4022 311 4035 .
669 3999 691 4082 δ
983 4015 992 4030 ·
1053 3995 1100 4052 le·
