2586 4334
170 135 246 219 550
329 115 380 218 Q.
405 93 541 195 serr.
565 113 704 194 Ftoa.
729 111 1094 194 Tta'ruttratrr

165 273 355 376 profluae
372 275 537 352 debebit:
570 291 612 352 ut
629 277 655 352 sa
676 297 746 369 qua
763 297 843 374 pars
867 275 1006 350 diversa
1029 275 1153 348 turbet
1169 275 1236 352 ob·

85 381 92 396 '
172 390 280 455 tentu
302 373 491 474 figtuerum
509 375 544 450 dt
559 377 806 474 enigmatum,
829 375 1068 452 manifestiore
1084 393 1234 468 queque

172 479 411 576 prevaleant3
428 475 681 551 &deincertis
694 479 850 574 certiqra
863 473 1100 569 prescribens.
1126 472 1236 550 Naui
1282 565 1283 570 .

170 577 270 654 enim
293 576 434 670 quidam
463 572 727 654 solenniffimam
762 577 896 666 eloquii
928 575 1132 672 prophetici
1157 573 1233 646 sor.

171 697 292 768 mam,
321 673 559 768 allegorici&
582 672 722 771 figurati
741 675 979 780 plerumque,
1013 686 1234 758 nontamen
1283 683 1284 690 '

102 778 110 789 '
173 773 330 869 semper.
347 772 638 850 resumediionem
655 789 1040 868 quoquemortuorum
1051 769 1236 854 manifeste
1278 811 1284 836 ι

54 943 59 950 .
177 877 445 965 annunciantem,
479 873 516 946 in
538 875 779 970 imaginariam
799 871 1089 970 significationem
1115 870 1241 952 distor-

175 988 308 1068 quent3
343 967 582 1050 asseverantes
603 971 709 1066 ipsam
731 976 838 1062 etiam
858 987 1013 1046 mortem
1034 971 1236 1068 spiritaliter

172 1073 449 1170 intelligendam.
500 1071 590 1146 Non
612 1074 705 1146 enim
730 1073 821 1146 hanc
846 1070 916 1148 elie
942 1073 980 1144 in
1005 1091 1124 1162 vero,
1157 1089 1239 1162 que

173 1171 219 1250 fit
234 1175 271 1244 in
290 1171 434 1264 medin,
459 1169 628 1248 dissidium
643 1173 757 1247 carnit
770 1187 876 1264 atque
890 1171 1035 1261 anime,
1061 1169 1120 1244 sed
1133 1167 1237 1268 igno·

175 1272 325 1346 rmtiem
353 1269 448 1363 Dei,
475 1291 538 1366 per
562 1292 666 1365 quam
689 1271 801 1346 h'omo
823 1285 989 1344 mortuus
1012 1269 1124 1361 Deo,
1158 1289 1238 1344 non
1283 1339 1284 1354 ,

106 1405 111 1422 ·
174 1370 291 1452 minus
312 1371 348 1444 in
372 1389 496 1442 errore
513 1371 666 1462 jacuerit
683 1391 788 1462 qaum
803 1371 843 1450 in'
860 1367 1061 1466 sepulchro.
1113 1367 1239 1459 ltaque

177 1467 525 1544 &reiumeilinnem
545 1491 622 1547 eam
642 1469 914 1564 vindicandam,
941 1489 1010 1562 qua
1023 1470 1102 1560 quis
1117 1467 1240 1566 addita

44 1653 47 1658 .
174 1570 333 1644 veritate
349 1569 585 1642 redanimatus
603 1569 636 1644 e
651 1567 897 1645 revivificatus
913 1565 1012 1661 Deo,
1027 1568 1241 1664 ignorantiae¹

170 1687 295 1757 morte
318 1665 485 1760 discussa,
522 1671 625 1744 velut
645 1669 690 1747 de
715 1667 902 1762 sepulchro
926 1669 1059 1754 veteris
1082 1667 1241 1748 huminis

35 1785 42 1796 ’
175 1771 353 1861 eruperit:
380 1765 513 1858 quia&
535 1765 700 1846 dominus
718 1766 847 1852 scribas
866 1768 902 1840 dt
918 1765 1106 1860 phariseos
1124 1764 1241 1860 sepui-

168 1866 274 1942 ehris
291 1867 461 1950 dealbatis
477 1865 725 1960 adaequaverit.
761 1865 901 1942 Exinde
914 1887 1002 1963 ergo
1015 1864 1243 1946 resurrediio·

170 1985 257 2052 nem
275 1963 346 2038 side
367 1961 581 2040 consecutos
604 1987 684 2042 cum
710 1967 859 2042 domino
880 1965 977 2058 eise,
1003 1983 1084 2040 cum
1102 1987 1185 2043 euru
1203 1968 1241 2045 iu

172 2063 384 2157 baptismate
398 2065 589 2140 induerint.
640 2065 727 2146 Hoc
745 2065 898 2158 denique
915 2066 1061 2162 ingenio
1077 2068 1186 2143 etiam
1203 2066 1243 2144 in

22 2221 23 2224 .
171 2164 370 2254 colloquiis
393 2163 481 2256 saepe
503 2162 645 2236 nostros
671 2163 838 2257 decipere
864 2163 1106 2242 consuerunt:
1146 2164 1242 2257 quas

13 2280 16 2286 ·
171 2263 284 2356 tripu
297 2261 588 2338 resurreetionem
601 2267 716 2340 camis
731 2265 929 2343 admittant.
956 2265 1043 2357 ve,
1058 2265 1243 2357 inquiunt,

172 2363 236 2454 qui
253 2383 330 2438 non
344 2362 381 2436 in
398 2363 466 2436 hac
479 2373 587 2439 earne
600 2361 846 2438 resurrexerit:
871 2385 918 2438 ne
931 2361 1048 2441 stetim
1063 2366 1146 2439 illus
1163 2385 1244 2456 per·
1270 2377 1284 2474 q

170 2463 339 2553 putiau,
366 2461 706 2540 uresurreeuonem
720 2463 833 2540 statim
859 2465 1058 2540 abnuerint.
1108 2462 1244 2548 Tacite
1271 2509 1278 2547 ,ι

174 2577 299 2638 auteur
327 2559 520 2639 secundum
553 2561 806 2648 conscientiam
838 2561 933 2640 suern
964 2563 1038 2648 bne
1069 2561 1242 2642 sentiunt

130 2692 136 2703 ·
176 2661 268 2751 ve.
293 2662 468 2754 quinon,
494 2661 577 2736 dum
593 2663 831 2738 inhaecarne
853 2661 923 2754 est,
951 2663 1173 2758 cognoverit
1189 2683 1244 2742 et·

57 2794 62 2812 =
116 2755 122 2769 '
173 2779 265 2841 etna
283 2759 477 2834 heretica:
508 2761 583 2834 hoc
604 2761 655 2836 est
673 2764 768 2838 enim
792 2761 886 2856 aqud
908 2763 991 2854 ilios
1016 2759 1241 2844 resurrestio.

173 2857 246 2944 §ed
265 2857 475 2954 &plerique
492 2861 535 2933 ab
554 2861 695 2936 excessu
714 2864 836 2936 enimae
850 2859 1144 2938 resurtediionem
1162 2863 1245 2944 vin·

173 2959 359 3052 dicantes,
385 2959 431 3034 de
452 2957 641 3054 sepulchro
663 2962 783 3054 exire,
810 2960 854 3036 de
874 2959 997 3037 seculo
1013 2960 1171 3036 evadere
1192 2963 1247 3038 in·

174 3069 440 3154 terpretautur:
466 3060 547 3151 quia
569 3059 604 3132 dr
626 3057 781 3137 sectdum
802 3067 1031 3136 mortuorum
1051 3059 1095 3137 fit
1109 3059 1247 3141 naute

166 3159 328 3251 ¹culum,
367 3157 405 3230 id
431 3155 482 3234 est
503 3161 744 3256 ignorantium
770 3159 900 3236 Deum.
960 3159 1035 3234 Vel
1061 3160 1168 3237 mam
1198 3159 1247 3246 de

51 3289 54 3299 ·
174 3253 254 3347 ipso
275 3275 458 3350 corpore,
484 3258 567 3350 quia
590 3257 625 3338 ,dt
646 3279 779 3352 corpus
801 3260 884 3334 vice
902 3257 1076 3354 sepulchri
1096 3261 1249 3334 conclu-

54 3439 58 3456 ,
174 3351 247 3432 sam
264 3356 435 3447 mimum,
460 3357 498 3430 in
514 3353 676 3432 secularis
690 3360 776 3437 vite
790 3372 910 3436 morte
927 3358 1096 3434 detineat.

253 3475 311 3532 20.
337 3453 399 3530 Ob
415 3454 620 3548 hujusmodi
635 3458 743 3554 igitur
754 3456 977 3550 conjeiiures
993 3461 1142 3551 primam
1157 3477 1249 3550 pru·

167 3549 407 3645 similionem
427 3574 553 3629 eorum
570 3555 766 3650 depellam,
792 3579 861 3650 qua
875 3561 1010 3636 volunt
1025 3555 1247 3651 emniaprn-

176 3651 304 3748 phetas
319 3673 385 3748 per
399 3651 569 3751 imagines
586 3656 847 3739 concionatos:
877 3655 1022 3752 quando
1041 3657 1129 3732 saita
1141 3655 1247 3750 ess'et,

73 3817 76 3824 .
158 3771 222 3871 Ine
242 3749 324 3846 ipsae
342 3751 484 3844 quiden
504 3755 678 3853 imagines
701 3755 864 3854 distingui
884 3754 1108 3856 potuisset,
1124 3755 1151 3845 si
1161 3775 1250 3928 ἔξω
