2634 4336
455 219 532 286 ut
582 174 828 287 Anarta,
871 286 873 290 ,
915 229 949 260 -’
1062 215 1174 304 ·‘413

104 381 192 452 uere
203 379 224 466 ,²
243 387 326 445 cum
344 363 456 444 Ario:
482 381 545 443 aut
564 367 658 442 circa
676 369 816 465 lunam,
841 386 922 446 cum
939 357 1177 462 Endymioni-

103 464 175 548 bus
198 469 418 546 Stoicorum.
477 467 612 562 lmmo,
644 460 788 564 inquis,
820 467 857 544 in
881 466 1066 566 paradiso,
1099 468 1175 564 qud

102 571 178 668 jam
196 585 285 645 tunc
305 569 339 642 dc
359 569 570 642 Patriarchae
593 569 627 643 dc
645 565 837 660 Prophetae
857 569 1074 662 appendices
1097 569 1176 646 Do·

106 673 248 750 minicae
272 663 568 762 resurrectionis,
604 669 648 742 ab
668 667 793 742 inseris
816 670 1059 768 migraverint.
1110 669 1176 768 Et,
1266 701 1270 708 ·

107 769 298 866 quomodo
313 769 443 862 Joanni
466 771 505 842 in
526 765 670 862 spiritu,
704 765 850 862 paradisi
871 765 973 866 regio
997 770 1174 866 revelata,

107 883 189 966 quum
207 863 389 962 subjicitur
405 869 527 962 altari,
552 867 667 943 nullas
682 868 765 940 alias
782 869 913 942 animas
931 865 1025 962 apud
1036 867 1071 943 se
1086 863 1175 964 prac-
1211 939 1218 966 ,
1237 873 1240 878 ’

105 983 167 1046 ter
189 983 385 1062 martyrum
408 963 592 1044 ostendit?
630 963 832 1066 Quomodo
853 967 1031 1064 Perpetua
1057 963 1177 1052 fortis·
1218 1055 1220 1060 ,

1 1085 3 1094 '
104 1072 346 1160 simamartyr
368 1065 429 1141 sub
452 1065 508 1141 die
525 1065 688 1162 passionis
709 1069 745 1142 in
766 1067 993 1142 revelatione
1012 1065 1176 1166 paradisi,

100 1169 207 1248 solos
233 1170 307 1242 illic
330 1179 589 1260 commartyres
614 1163 696 1239 suos
717 1163 836 1258 vidit3
872 1167 933 1241 nisr
959 1169 1040 1260 quia
1065 1169 1174 1244 nullis

1 1283 3 1294 ’
98 1267 291 1366 romphaea
311 1267 457 1364 paradisi
474 1267 622 1362 janitrix
648 1265 765 1360 cedit,
780 1297 784 1306 ·
801 1265 864 1340 nili
884 1267 945 1360 qui
968 1269 1004 1342 in
1030 1263 1174 1343 Christo

106 1360 297 1444 decesserit
316 1387 394 1440 non
415 1369 453 1439 in
473 1361 618 1439 Adams
650 1363 766 1440 Nova
783 1384 882 1440 mors
904 1387 974 1464 pro
992 1367 1104 1464 Deo,
1138 1367 1175 1442 u

1 1471 3 1496 '
104 1463 393 1544 extraordinaria
404 1485 473 1560 pro
489 1464 651 1559 Christo,
679 1465 749 1538 alio
771 1463 805 1540 dc
824 1469 971 1562 privato
993 1469 1173 1566 excipitur
1205 1487 1216 1504 ⁸

104 1561 280 1666 bospitio.
329 1563 497 1664 Agnosce
519 1565 641 1658 itaque
661 1557 899 1642 differentiam
920 1568 1054 1642 ethnici
1076 1567 1111 1642 du
1132 1563 1174 1642 fr·

107 1667 198 1744 delis
224 1668 261 1742 in
284 1681 425 1760 morte,
456 1663 481 1740 sr
504 1683 573 1760 pro
590 1664 676 1739 Deo
695 1670 887 1742 occumbas
910 1683 953 1740 ut
966 1663 1173 1744 Paracletus

105 1780 261 1862 monet,
288 1787 365 1840 non
383 1762 421 1840 in
442 1765 611 1840 mollibus
633 1763 793 1840 febribus
815 1763 905 1842 &in
927 1763 1087 1866 leudulis,
1112 1761 1175 1844 reu

103 1865 147 1944 sn
170 1865 366 1960 martyriis:
392 1867 579 1941 ficrbcem
600 1879 697 1942 tuam
717 1868 846 1963 tollas,
873 1863 1079 1960 &sequaris
1092 1865 1174 1942 Do-

1 1984 8 2019 ·
106 1967 266 2064 minum,
293 1959 335 2039 ut
353 1965 426 2062 ipse
445 1965 627 2060 precepit.
664 1963 779 2040 'Tota
796 1967 941 2062 paradisi
958 1965 1069 2042 clavis
1088 1979 1174 2042 tuus

8 2146 16 2163 ,
105 2061 246 2166 sanguis
274 2063 334 2142 est.
392 2065 513 2142 Habea
537 2068 642 2140 etiam
664 2065 709 2140 de
730 2061 891 2160 paradiso
911 2089 931 2142 a
949 2067 1055 2142 nobis
1072 2067 1175 2142 libel·

7 2246 11 2255 ,
106 2167 205 2259 lunt,
232 2187 306 2260 quo
325 2163 571 2242 constituimus
595 2187 740 2242 omnem
758 2169 907 2244 uumam
925 2163 1020 2264 apud
1033 2165 1174 2243 inferos

106 2263 316 2360 sequestrati
337 2261 374 2339 in
393 2263 664 2380 diemDomini.
746 2335 752 2346 ,
998 2291 1003 2298 ·
1099 2347 1107 2357 ,

1 2477 3 2498 ψ
106 2362 923 2564 ω,,ἦξε,Οξὲᾙὲξέἐζῗῐῗιῗῑξὶἰέιῖἓῶῑέἓ
939 2361 1175 2557 scissas}
1256 2527 1258 2534 ,

106 2567 274 2660 iuterim,
301 2587 344 2640 an
361 2567 467 2640 etiam
480 2577 645 2662 receptas
662 2567 769 2640 liceat
785 2563 909 2662 postea
924 2569 968 2641 ab
985 2559 1110 2642 inferis
1125 2583 1180 2644 ex.
1288 2619 1294 2640 ,

1 2659 3 2686 '
106 2665 260 2743 arbitrio
279 2667 401 2740 velex
420 2663 572 2758 imperio
590 2665 826 2741 intervenire:
849 2685 920 2740 nec
934 2667 1060 2744 harum
1076 2657 1203 2744 cnim'

1 2762 3 2785 '
106 2767 323 2861 opinionum
337 2761 496 2860 suasonae
513 2761 649 2842 desunt.
701 2763 886 2842 Creditum
906 2763 957 2840 est
974 2763 1175 2864 insepultos

98 2883 189 2945 'uon
204 2879 286 2940 ante
301 2865 344 2938 ad
357 2865 495 2940 inferos
511 2861 623 2962 redigi
637 2883 742 2959 quam
752 2861 843 2960 justa
857 2871 1104 2962 perceperint,
1122 2865 1175 2944 se-

1 2959 3 2986 '
82 3001 89 3012 ·
108 2967 267 3042 cundum
283 2965 517 3039 Homericum
535 2963 763 3061 Patroclum,
793 2959 900 3039 sumus
919 2966 1106 3042 insomnis
1126 2965 1174 3042 de
1205 2983 1209 2992 ’

1 3061 3 3084 ’
106 3061 256 3144 Achille
271 3061 318 3140 fla
344 3067 510 3162 'tantem
541 3065 640 3158 quod
659 3083 739 3140 non
761 3066 845 3140 alias
866 3063 964 3150 adice
979 3080 1104 3162 portas
1121 3069 1174 3140 in·
1276 3142 1281 3150 ,

106 3165 295 3260 ῐεηιπνρο
326 3182 384 3258 et,
409 3165 612 3266 arcentibus
634 3185 715 3239 eum
731 3167 842 3262 longe
861 3163 1043 3240 animabus
1061 3163 1175 3262 sepul·

107 3277 243 3340 torum.
294 3259 477 3340 Novimus
492 3277 613 3340 autem
635 3278 764 3360 preter
777 3268 923 3362 poetica
935 3260 1035 3359 jura,
1061 3263 1174 3360 pieta-
1207 3321 1210 3328 .

107 3367 158 3439 tis
171 3382 316 3459 quoque
330 3363 535 3440 Homericae
548 3363 762 3444 indussniam.
813 3355 937 3440 Tanto
953 3363 1062 3463 magis
1077 3369 1174 3444 enirn

110 3483 233 3540 cruram
258 3459 446 3560 sepultura
472 3467 698 3560 collocavit,
738 3477 874 3558 quanto
903 3466 1010 3539 etlam
1033 3487 1173 3546 moram

108 3565 189 3659 ciras
208 3557 410 3660 injuriosam
433 3563 613 3640 animabus
632 3561 825 3654 incusavlt3
858 3565 957 3640 srrnul
977 3563 1011 3639 u
1029 3569 1171 3660 nequis

109 3661 318 3742 defunctum
332 3657 430 3739 domi
449 3663 612 3738 detinens
627 3663 701 3759 ipse
714 3666 862 3760 amplius
880 3679 961 3739 curn
977 3663 1041 3740 illo
1056 3683 1173 3740 mace·

108 3781 213 3840 retur
231 3767 446 3839 enormitate
463 3756 579 3838 solatii
599 3761 729 3838 dolore
746 3765 884 3840 nutriti.
934 3763 990 3842 lta
1010 3766 1172 3858 querelas

97 3867 237 3950 amma
251 3861 435 3974 inseputre
451 3863 705 3962 metrumque
722 3861 923 3966 confiunt,
948 3879 989 3942 ut
1006 3862 1172 4040 Ἕω

895 4027 901 4034 .
1085 3985 1122 4038 c·
