2586 4334
268 175 343 232 or
391 152 923 271 licenterque..
1015 160 1178 252 '617‘

52 319 107 394 ria
128 315 192 392 fibi
222 319 320 392 nulla
343 317 495 394 amicitia
518 317 580 393 est.
635 313 884 418 'Perstringere'
897 331 1017 418 umen
1038 337 1116 396 non

53 419 212 518 pigebit,
231 417 439 492 deliilorum
453 418 609 512 quaedam
624 413 693 492 elle
707 417 879 510 carnalia,
896 419 932 490 id
948 417 1020 512 est,
1034 437 1116 492 cor·

53 517 216 612 poralia,
243 514 400 609 quiedam
421 537 516 592 vero
537 513 712 612 spiritalia.
737 531 740 537 “
768 517 863 592 Nam
881 539 961 594 cum
985 538 1031 592 ex
1047 519 1116 592 hac

56 615 209 712 duplicis
223 612 420 690 substantia
434 617 714 715 congregatione
728 615 912 694 confertus
927 617 1043 698 homo
1056 618 1117 692 litt

54 715 286 794 non'aliuude
302 717 499 812 delinquit,
518 716 621 808 quam
637 715 731 790 unde
748 716 898 792 constat.
948 717 1020 790 Sed
1036 737 1116 792 non

55 837 102 892 eo
128 817 222 890 inter
246 814 281 889 se
307 814 500 910 differunt,
538 815 636 908 quod
662 837 794 911 corpus
822 813 1017 910 &spiritus
1040 817 1115 890 duo

54 913 152 990 sunt:
190 915 347 1008 alioquin
367 937 413 990 eo
423 917 539 1012 magis
560 917 657 1008 paria
675 915 774 1010 sunt,
804 919 885 1008 quia
908 915 980 990 duo
1003 938 1122 992 unum

55 1013 232 1090 efficiunt:
258 1017 398 1106 nequis
416 1035 484 1108 pro
502 1015 706 1090 diversitate
724 1015 948 1091 materiarum
966 1029 1117 1113 peccata

55 1135 184 1190 eorum
197 1111 392 1206 discernat,
417 1129 459 1188 ut
472 1115 621 1188 alterum
635 1117 749 1190 altero
766 1117 881 1218 leviqs
896 1130 958 1188 aut
970 1115 1115 1214 gravius

55 1213 244 1290 existimet.
305 1212 484 1305 Siquidem
502 1213 535 1288 &
553 1235 667 1312 caro,
703 1215 736 1287 u
756 1213 918 1310 spiritus,
951 1213 1020 1290 Dei
1036 1219 1116 1290 re's:

56 1315 148 1406 alia,
182 1333 288 1386 manu
316 1315 390 1406 ejus
417 1313 597 1410 exprella;
623 1313 690 1388 alia
714 1314 832 1388 afflatu
857 1316 931 1407 ejus
957 1313 1118 1388 consum·

56 1427 162 1488 mata.
224 1409 315 1486 Cum
339 1433 425 1508 crgo
450 1436 494 1486 ex
520 1415 595 1510 pari
621 1413 665 1486 ad
689 1411 873 1510 dominum
896 1416 1124 1509 pertineant:
1186 1449 1191 1460 ·

58 1513 298 1606 quodcunque
322 1533 447 1584 eorum
469 1513 677 1605 deliquerit,
705 1535 749 1586 ex
768 1515 842 1606 pari
864 1513 1046 1588 dominum
1062 1513 1117 1586 of-

56 1609 184 1690 fendit.
237 1611 296 1684 An
311 1624 352 1684 tu
366 1609 538 1708 discernas
554 1611 649 1686 ailus
662 1613 774 1688 carnis
790 1611 1001 1706 &spiritusi
1028 1633 1117 1706 quo·

3 1721 4 1760 ³
56 1711 236 1786 ‘rumdrin
252 1713 349 1802 vita,
377 1711 612 1806 eunome,
638 1712 723 1786 &in
740 1711 1015 1808 resturedlione,
1041 1727 1118 1786 tan·
1228 1767 1234 1784 .

56 1826 135 1884 tum
151 1811 417 1886 communionis
432 1824 537 1902 atque
551 1809 722 1885 consortii
737 1811 805 1884 est:
828 1827 870 1884 ut
882 1815 1014 1906 pariter
1029 1828 1118 1886 tunc
1243 1827 1248 1844 ¹

56 1911 178 1984 autin
202 1909 314 1982 vitam
339 1925 401 1984 aut
421 1909 457 1982 in
474 1911 644 2003 iudicium
670 1909 899 1984 incitemur:
932 1914 1013 2004 quia
1032 1911 1120 1986 scili·
1181 1914 1185 1922 '

57 2027 119 2084 cet
142 2011 274 2110 pariter
295 2021 356 2082 aut
373 2009 612 2106 deliquerint,
646 2023 708 2083 aut
727 2011 942 2086 innocenter
966 2013 1118 2110 egerint.

57 2109 146 2185 Hoc
172 2107 507 2202 co'praemilerimus
557 2122 599 2182 ut
614 2131 690 2184 non
705 2110 884 2205 minorem
897 2111 998 2186 alteri
1015 2133 1120 2205 quam

56 2213 203 2301 utrique
221 2210 313 2304 parti
327 2259 340 2298 ,
354 2209 389 2294 ,ii
407 2211 489 2300 quid
507 2163 714 2302 deliquerit,
740 2211 959 2304 penitentie
978 2211 1119 2286 recelli·

57 2321 173 2384 tatem
188 2307 421 2406 intelligamus
436 2309 653 2406 impendere.
697 2305 903 2384 Comnnmis
916 2327 1037 2386 reatus
1050 2333 1120 2388 aur·

57 2411 192 2484 borum
208 2407 280 2500 cst,
307 2409 504 2484 communis
522 2407 699 2501 &judex,
725 2407 827 2482 Deus
845 2407 995 2484 scilicet:
1022 2431 1119 2485 com·

57 2510 178 2586 munis
193 2508 300 2604 igitur
319 2507 353 2580 n
370 2508 588 2602 penitentia
601 2509 749 2583 medela.
800 2503 944 2582 Exinde
957 2507 1122 2604 spiritalia

60 2607 94 2682 ἀ
114 2607 318 2702 corporalia
332 2609 581 2700 nominantur,
609 2605 888 2700 quoddelictum
902 2631 1033 2702 omne,
1058 2623 1121 2684 aut

59 2711 201 2808 agitur,
234 2721 296 2790 ,ιιιι
319 2707 508 2806 cogitatur.
567 2707 623 2781 Ut
646 2709 837 2802 corporale
855 2707 924 2802 lit,
960 2709 1057 2802 quod
1082 2709 1121 2786 in

59 2809 159 2884 fado
180 2805 249 2882 est:
280 2809 360 2899 quia
382 2807 534 2902 ledum,
559 2822 602 2880 ut
623 2803 778 2902 corpus,
803 2807 971 2883 &videri
987 2809 1121 2884 &con-

58 2909 151 3006 tingi
166 2909 285 2984 habet
337 2907 501 3000 Spiritale
515 2929 630 2999 vero,
652 2907 750 2998 quod
763 2909 799 2978 in
816 2907 935 2985 animo
949 2909 1019 3003 est,
1039 2909 1122 3000 quie

59 3007 205 3106 spiritus
233 3028 349 3101 neque
377 3009 550 3100 videtur,
586 3027 703 3100 neque
727 3017 898 3080 tenetur:
932 3011 997 3102 per
1024 3003 1123 3100 quod

61 3108 264 3186 ostenditur
286 3129 361 3182 non
383 3107 617 3200 laetiferum,
643 3126 770 3180 verum
792 3105 1042 3180 &voluntatis
1063 3105 1122 3180 de·

54 3207 144 3300 lidia
164 3209 335 3300 vitanda,
368 3207 402 3282 e
425 3209 633 3303 penitentia
650 3205 833 3304 purganda
852 3205 932 3282 effe.
989 3203 1121 3298 Neque

62 3311 159 3384 enirn
175 3309 209 3383 'sr
236 3309 463 3384 mediocritas
494 3309 670 3401 humana,
705 3303 803 3380 fallis
830 3302 942 3380 solum
963 3306 1121 3400 judicat,
1226 3332 1233 3345 ι

63 3413 145 3506 quia
163 3409 362 3482 voluntatis
384 3409 528 3484 latebris
544 3429 607 3504 par
623 3427 698 3480 non
715 3405 790 3500 est,
814 3406 952 3480 idcirco
976 3405 1122 3480 crimina
1253 3487 1259 3502 ‚

63 3512 138 3602 cius
157 3509 263 3582 ctiam
284 3506 346 3580 sub
361 3507 446 3580 Deo
458 3507 690 3604 negligamus.
740 3505 840 3581 Deus
859 3507 897 3580 in
917 3506 1036 3580 omnia
1054 3501 1123 3580 suf·

62 3607 151 3686 ficit.
202 3607 305 3682 Nihil
320 3630 339 3680 a
354 3605 545 3702 conspedlu
559 3610 632 3700 ejus
647 3619 847 3702 remotum,
859 3607 958 3688 unde
971 3605 1122 3682 omnino

22 3790 26 3802 ,
64 3707 295 3802 delinquitur.
347 3710 441 3808 Quia
463 3724 540 3782 non
561 3707 729 3804 ignorat,
761 3721 828 3780 nec
852 3707 1017 3800 omittit,
1050 3725 1124 3796 quo

64 3813 177 3888 minus
203 3809 243 3884 in
262 3806 434 3902 judicium
453 3807 632 3886 decernat.
683 3803 974 3896 Diffimulator&
993 3825 1125 3907 praeva-

392 3923 396 3932 “
558 3908 674 4010 Qus
988 3905 1075 3980 rica·
