2596 4346
313 254 978 364 ²·cmsn1si.”
1051 280 1193 386 ᾒογ,

2 490 3 498 ¹
63 443 140 522 Vos
155 445 277 522 autern
293 444 404 523 astuta
422 451 498 542 quis
518 447 619 524 suant
639 445 763 524 fiaude
782 469 946 548 maneto,
1067 436 1071 447 ’

59 543 189 627 Drvttn
204 549 315 644 prolis
333 547 476 621 securos
496 553 627 646 degere
647 569 797 641 amore,

61 643 202 721 Crimen
221 647 385 720 adulterii
403 655 653 746 committere,
678 651 830 742 perdere
844 641 981 724 vitam?

59 741 108 817 Et
122 767 322 838 quanquam
340 751 458 841 perit,
485 749 520 823 id
544 747 665 822 falsare
681 749 873 844 agnomine
888 747 1003 824 verbi

62 845 294 942 Quapropter
313 849 416 919 votis
436 855 508 920 tarn
530 849 648 920 dulcia
663 846 789 920 curtlia
806 845 995 942 profundit

59 943 234 1040 impavidi
251 943 422 1037 quidquid
437 947 579 1042 placet,
605 961 646 1019 ut
664 945 802 1023 faciatis
819 949 996 1042 oportet,

58 1041 241 1118 Infeciem
260 1041 364 1140 easti,
390 1045 557 1120 ma'culati
582 1046 895 1138 cumacinum,

59 1141 137 1218 Hac
159 1139 262 1243 causa
276 1165 346 1218 vos
363 1147 551 1220 connubio
569 1145 728 1240 privavit
747 1143 916 1224 honesto.

24 1297 26 1302 -
59 1243 128 1318 Sed
141 1243 225 1334 quid
237 1239 367 1338 plural
392 1245 485 1320 bene
502 1243 573 1338 est,
591 1242 797 1338 disjunttos,
815 1243 965 1327 scilicet,
983 1243 1067 1338 effe,

58 1339 213 1436 Expedit
232 1343 264 1416 u
284 1345 446 1438 mundo,
472 1365 519 1418 ne
534 1341 641 1418 vestri
658 1337 826 1442 germinis
844 1343 939 1418 ullus

58 1439 249 1526 Nascatur,
278 1441 421 1518 tandem
445 1439 629 1517 cessabunt
651 1464 785 1540 organa
806 1440 933 1520 mor'tis

107 1564 142 1634 4.
163 1541 304 1620 Partem
316 1542 495 1634 hominis,
520 1543 603 1618 dum
618 1541 762 1640 speratis
779 1546 933 1618 retinere
949 1539 1127 1642 salutem,

61 1637 181 1714 Totus
200 1641 317 1716 homo
335 1640 452 1716 vester
465 1641 631 1736 deperdit
650 1657 774 1716 mente
793 1645 991 1740 prophana.
1109 1645 1114 1652 ’

58 1733 212 1814 Interior
230 1739 353 1833 simul,
380 1739 412 1813 dt
430 1757 592 1816 veterem
610 1762 715 1833 quem
728 1742 850 1814 dicitis
869 1726 1046 1838 hostem,

47 1838 128 1934 ,Sed
145 1861 215 1914 nec
231 1839 345 1916 homo
366 1837 480 1916 solum
497 1839 672 1932 spiramen
693 1841 824 1914 dicitur
837 1835 932 1932 effe,

59 1937 141 2014 Nec
162 1954 268 2012 vetus
284 1937 334 2010 est
350 1939 464 2015 homo
480 1937 570 2012 dieta
588 1962 692 2028 caro,
718 1961 788 2013 nec
801 1937 884 2013 sunt
898 1941 1043 2016 inimica

59 2035 210 2132 Spiritus
228 2038 262 2112 te
279 2035 378 2132 caro,
404 2059 512 2114 verus
531 2039 645 2114 homo
661 2037 712 2112 est
730 2037 884 2117 sociatus
901 2039 1039 2116 inuno.

57 2134 140 2234 Nec
154 2138 219 2226 utri,
232 2139 395 2233 priuatos
418 2136 535 2211 sensus
557 2153 755 2212 cernuntur
770 2139 926 2232 habere,

58 2233 142 2313 Nec
157 2237 309 2335 regitur,
330 2237 514 2333 regmine,
530 2236 660 2333 gemit,
682 2235 908 2335 gaudetque,
929 2237 1117 2338 doletque,

57 2335 212 2432 Diligit,
231 2333 304 2432 ipfe
319 2335 387 2410 suae
404 2342 499 2410 carni
516 2336 702 2412 cariffimus
721 2338 814 2412 idem
832 2391 844 2430 ,
1182 2401 1186 2415 .

57 2437 127 2514 Pet
141 2457 243 2528 quam
262 2437 365 2530 paret
378 2437 514 2530 homo,
537 2457 617 2512 cum
633 2457 703 2528 qua
720 2439 936 2512 commixtus
951 2437 1127 2536 habetur,
1202 2493 1217 2524 .

58 2531 282 2612 Vulnerilius
300 2555 402 2608 curas
420 2533 586 2630 adhibet,
609 2537 858 2630 lacrymasque
879 2535 1097 2634 profundit,

55 2635 292 2712 Nutsiments
307 2636 378 2708 cibi
397 2637 527 2729 cupide
543 2655 606 2732 per
620 2635 779 2712 membra
795 2635 959 2728 resumit,
1124 2639 1128 2644 '

57 2729 167 2812 Hanc
188 2751 293 2828 optat
311 2733 430 2809 secum
447 2737 685 2822 immortalem
702 2733 839 2830 semper
859 2735 1012 2827 habere,
1099 2811 1102 2823 ,

58 2837 181 2936 Quam
200 2833 312 2934 frangi
330 2837 461 2931 gemit,
488 2833 637 2908 &dolet
651 2855 826 2908 evacuare
842 2857 906 2928 pet
922 2854 1019 2914 artus
1120 2906 1124 2915 .

56 2933 115 3010 Illi
132 2955 230 3012 murs
244 2931 376 3008 miserae
393 2935 597 3020 dominatur
615 2949 781 3028 tempore
800 2947 923 3026 certo,
1003 2997 1009 3004 .
1033 2983 1034 2988 ,
1088 2944 1102 3023 ,'

2 3085 3 3088 ¹
56 3035 150 3134 Quo
169 3045 348 3111 renovate
360 3033 436 3106 levi
453 3035 498 3106 de
523 3035 672 3126 pulvere
687 3053 784 3104 mors
802 3033 948 3109 inimica

47 3129 221 3210 'Deficiet
233 3128 395 3218 tandem,
423 3149 509 3205 earo
526 3153 607 3208 cum
626 3133 781 3205 resoluta
797 3127 962 3226 resurgit:

2 3245 3 3252 '
54 3233 152 3312 Haet
170 3240 238 3308 erit
253 3231 440 3326 expediam
455 3229 516 3304 diu
532 3227 681 3306 vitlena
697 3228 850 3322 summa,

53 3337 181 3508 guam
196 3331 285 3406 fecit
301 3333 435 3420 virtute
454 3329 566 3406 Patris
586 3329 813 3405 venerandus
828 3332 864 3402 in
887 3349 1005 3404 :evum

88 3429 188 3526 attus
206 3452 313 3506 verus
330 3429 465 3522 home,
492 3429 660 3506 Hominis
683 3431 742 3523 qui
759 3429 917 3503 membra
935 3427 1122 3528 redempta

51 3529 100 3608 Iu
120 3531 245 3623 Coelos
262 3531 368 3620 tulit,
394 3543 502 3621 atque
516 3529 631 3604 aditus
650 3529 829 3624 spedives
847 3531 997 3622 aperuit.

2 3657 4 3772 q
52 3629 245 3726 Principio
262 3631 379 3727 gentis
394 3631 432 3702 in
451 3629 579 3726 linguis
596 3629 784 3718 omnibus,
811 3629 896 3702 inde

2 3775 3 3838 q
47 3731 132 3810 Hie
147 3731 210 3804 ubi
228 3723 364 3826 semper
381 3749 495 3823 opus,
521 3732 633 3823 patria
647 3729 782 3824 pietate
802 3723 961 3802 minister

2 3869 3 3894 t
54 3830 169 3908 Visus
185 3831 228 3906 ab
242 3825 374 3910 inciso,
399 3825 516 3905 miuus
533 3827 706 3924 periendo
724 3831 871 3924 peregit.

113 3949 149 4042 ᾗ.
177 3929 278 4040 Quid
294 3947 393 4007 nune
409 3925 563 4005 infande
581 3947 714 4100 urmes,
741 3927 826 4013 quid
839 3921 977 4024 perdita
990 3910 1127 4097 tursius

2 4071 3 4074 ¹
125 4087 134 4094 .
400 4049 406 4063 ·
663 4045 735 4122 ya
913 4103 917 4116 ,
1058 4045 1071 4100 t
