2602 4336
119 279 123 286 ,
166 197 238 288 pao
314 183 362 292 Q.
389 179 521 263 Saea.
546 183 692 262 Fron.
717 173 1082 260 terracmam

24 362 27 370 '
110 339 114 347 ’
168 373 238 432 nos
254 351 521 428 revelationum
537 345 742 424 charismata
756 343 901 441 sortita,
920 349 1006 442 q'uas
1022 348 1060 420 in
1073 341 1245 422 Ecclesia·

168 457 264 530 inter
278 451 473 526 Dominica
485 447 645 523 solennia
659 467 724 543 per
740 449 873 522 extasin
886 450 928 522 in
939 445 1064 540 spiritu
1080 447 1240 541 patitur,

169 549 407 631 conversatur
429 569 511 624 cum
537 550 672 646 angelis
695 547 886 640 aliquando
913 547 1020 622 etiarn
1046 568 1128 623 cum
1153 547 1236 622 Do·

167 658 291 746 mino,
317 653 353 725 dr
376 651 478 724 videt
500 649 653 722 &audit
675 645 916 740 sacramenta,
947 645 1234 741 &quorundam

170 755 282 830 corda
299 749 472 842 dinoscit,
498 749 737 824 &medicinas
751 748 1029 840 deiiderantibus
1044 745 1243 825 submittit*

169 855 248 953 Jam
269 872 361 926 vero
387 863 498 946 prout
522 849 702 944 scripturae
726 851 914 947 leguntur,
946 861 1008 922 aut
1030 845 1155 921 Psalmi
1176 863 1233 922 ct·
1286 923 1287 926 ,

168 971 325 1042 nuntur,
353 965 415 1026 aut
440 949 689 1025 adlocutiones
715 950 971 1043 proferuntur,
1005 964 1067 1023 aut
1085 949 1233 1044 petitio·

168 1075 234 1130 nes
259 1053 484 1148 delegantur:
510 1052 560 1122 ita
580 1052 662 1124 inde
679 1051 836 1125 materiae
852 1051 1049 1123 visionibus
1068 1049 1233 1126 submini-

165 1153 335 1230 strantur.
386 1148 499 1222 Forte
517 1148 636 1224 neseio
656 1151 739 1244 quid
755 1151 799 1225 de
817 1151 932 1222 anima
948 1147 1232 1248 disserueramus,

167 1276 252 1330 cum
271 1273 312 1325 ea
327 1249 432 1323 soror
448 1251 484 1322 in
502 1247 625 1342 spiritu
641 1249 737 1324 effet.
788 1247 873 1323 Post
884 1249 1058 1323 transacta
1074 1249 1235 1328 solennia

166 1350 304 1430 dimissa
323 1351 458 1444 plebe,
488 1369 561 1442 quo
590 1349 654 1424 usu
679 1350 772 1423 solet
794 1351 901 1422 nobis
923 1351 1132 1424 renuntiare
1156 1371 1236 1444 qua

167 1455 303 1528 viderit
325 1453 427 1546 (narn
454 1449 488 1522 dt
514 1449 768 1546 diligentissime
789 1449 1026 1545 digeruntur,
1060 1465 1103 1523 ut
1124 1454 1234 1527 etiam

79 1608 80 1616 i
168 1549 394 1648 probentur)
420 1550 514 1623 inter
546 1563 693 1639 cetera,
729 1549 869 1642 inquit,
908 1549 1046 1624 ostensa
1071 1549 1122 1624 eit
1145 1551 1234 1626 milri

169 1653 287 1728 anima
307 1650 571 1744 corporaliter,
607 1648 799 1744 &spiritus
821 1649 1037 1743 videbatur,
1073 1649 1133 1724 scd
1155 1673 1234 1729 non

59 1747 62 1752 ’
168 1754 283 1827 inanis
299 1750 336 1822 dt
350 1771 473 1822 vacua
491 1751 689 1844 qualitatis,
713 1749 823 1823 immo
839 1769 916 1840 quae
928 1750 1035 1822 etiam
1047 1754 1164 1824 teneri
1179 1773 1232 1824 re·

169 1852 416 1948 promitteret,
433 1863 559 1923 tenera
571 1850 604 1923 dt
616 1851 735 1924 lucida
749 1849 783 1922 dt
797 1849 892 1924 aerei
907 1849 1058 1943 coloris,
1068 1849 1103 1922 de
1114 1849 1235 1926 forma

169 1973 237 2050 per
260 1949 381 2024 omnia
399 1951 574 2042 humana,
600 1950 676 2024 brec
697 1949 787 2024 visto
807 1949 867 2023 est.
924 1949 1027 2022 Deus
1051 1948 1171 2046 testis,
1199 1951 1234 2026 dt

169 2047 371 2144 Apostolus
388 2035 631 2125 charismatum
646 2051 682 2123 in
697 2048 842 2124 Eccesra
859 2048 1063 2124 futurorum
1078 2050 1235 2126 idoneus

170 2147 340 2246 sponsor;
355 2186 359 2212 ¹.
373 2162 414 2219 tu
435 2147 498 2220 nis1
520 2169 576 2221 res
597 2149 668 2244 ipsa
689 2150 735 2224 de
755 2151 894 2245 singulis
920 2147 1152 2245 persuaserit,
1185 2173 1234 2226 ne

171 2249 306 2322 credas.
358 2243 397 2320 Si
415 2248 509 2321 enirn
526 2269 658 2342 corpus
677 2252 812 2340 anima,
836 2248 909 2322 stne
928 2249 1040 2322 dubio
1060 2251 1155 2322 inter
1173 2251 1236 2325 illa

172 2371 250 2444 quae
274 2347 376 2442 supra
395 2345 513 2420 sumus
539 2349 691 2440 proseffi.
751 2349 906 2422 Proinde
930 2347 965 2421 dt
989 2349 1124 2422 coloris
1150 2371 1236 2442 pro·

168 2449 302 2547 prietes
328 2448 435 2520 omni
467 2451 616 2541 corpori
647 2448 826 2536 amarem
861 2469 965 2540 quem
990 2449 1098 2546 igitur
1126 2453 1236 2525 aliurn

170 2551 295 2624 animae
310 2545 491 2620 aestimabis
508 2550 693 2639 colorem,
720 2569 824 2640 quam
838 2567 980 2622 aereum
994 2569 1035 2622 ac
1048 2549 1235 2628 lucidum?

79 2644 84 2656 '
169 2669 249 2724 nou
265 2659 307 2718 ut
325 2667 384 2720 aer
407 2645 450 2718 srt
471 2645 543 2742 ipsa
565 2647 752 2722 substantia
770 2647 871 2741 ejus,
907 2647 971 2721 etii
993 2649 1067 2720 boc
1088 2647 1236 2724 Aenesi·

170 2748 279 2822 demo
297 2745 410 2818 visum
428 2745 479 2820 est
496 2747 776 2840 &Anaximeni,
803 2761 894 2840 puto
910 2745 1104 2822 secundum
1124 2769 1239 2842 quos·

171 2848 253 2920 dam
277 2845 311 2918 δι
331 2845 539 2919 Heraclito:
577 2867 646 2921 nec
669 2861 711 2920 ut
731 2848 878 2940 lumen,
912 2847 976 2920 etsr
998 2847 1072 2922 boc
1097 2851 1237 2944 placuit

169 2945 329 3021 Pontico
347 2945 541 3020 Heraclidi.
600 2945 751 3022 Nam&
778 2947 962 3020 cerauneis
1008 2951 1131 3024 emmis
1156 2969 1237 3026 non

134 3083 135 3088 Ν
169 3047 258 3120 ideo
286 3043 476 3118 substantia
505 3045 616 3142 ignita
645 3045 726 3139 est,
763 3047 863 3139 quod
891 2967 1085 3120 coruscent
1114 3051 1239 3124 rutila·

170 3159 214 3219 to
241 3147 408 3235 rubore,
444 3167 513 3218 nec
541 3147 686 3240 peryllis
706 3125 796 3220 idio
827 3145 957 3237 aquosa
985 3151 1134 3220 materia
1161 3149 1236 3244 esi,

170 3247 272 3338 quod
297 3241 471 3316 flustuent
490 3249 616 3318 colato
640 3247 771 3320 nitore.
829 3249 974 3340 Quanta
996 3247 1091 3320 enim
1112 3247 1148 3322 dt
1167 3250 1239 3324 alia

170 3345 280 3417 color
305 3342 437 3436 sociat,
473 3357 601 3416 natura
623 3341 812 3418 dissociati
846 3337 1105 3440 sedquoniam
1124 3367 1239 3424 omne

170 3456 282 3516 tenue
306 3457 413 3535 atque
432 3443 654 3535 perlucidum
674 3449 763 3518 aeris
789 3445 951 3520 amulum
969 3443 1042 3539 est,
1069 3446 1145 3520 hoc
1164 3450 1238 3522 erit

170 3544 287 3615 anima
304 3563 373 3632 qua
387 3541 491 3620 llinis
507 3541 560 3615 est
573 3541 610 3616 dc
624 3542 764 3641 spiritus
777 3545 917 3622 tradux.
966 3543 1148 3636 Siquidem
1161 3569 1250 3640 pra·

168 3639 244 3734 ipsa
262 3643 445 3713 tenuitatis
471 3638 663 3718 subtilitate
686 3645 731 3717 de
751 3641 824 3719 side
850 3645 1119 3737 corporalitatis
1140 3649 1238 3738 peri·-

41 3761 45 3770 ’
170 3741 326 3814 clitattu.
377 3739 437 3812 sic
462 3741 495 3813 dc
521 3740 670 3840 effigiem
694 3743 739 3819 de
764 3741 862 3819 sensu
882 3745 955 3836 jam
975 3755 1044 3817 tuo
1063 3745 1237 3841 concipe,

168 3857 247 3914 non
266 3839 370 3915 aliam
387 3841 509 3916 aniane
527 3843 690 3920 bumana
707 3845 946 3942 deputandam
963 3857 1095 3949 preter
1112 3843 1251 3954 huma-⁸

1084 3965 1189 4044 mm>
