2602 4336
170 226 245 306 320
315 199 513 308 Qaess'srt
534 202 682 282 stom.
706 199 1075 284 Terrestris:

162 377 262 460 tunm
278 365 338 441 sed
350 386 457 442 onam
473 367 638 442 omnibus
653 365 805 442 formam
817 363 924 440 solius
939 361 1232 462 corporalitatis·
1285 433 1286 438 a

166 486 244 563 quae
264 465 462 542 substantie
481 487 538 539 res
560 465 632 562 est,
657 467 681 542 sr
702 487 770 558 qsra
793 465 988 558 incorpora
1009 467 1059 536 eis
1080 461 1226 558 adsunt,

164 583 228 642 aut
243 565 359 660 astus,
386 581 447 640 asrt
458 567 649 660 passiones,
676 581 736 639 aut
748 563 885 659 officia,
905 579 968 636 aut
982 565 1145 638 libidines
1160 585 1227 638 eo·

165 687 264 760 rum,
299 687 376 740 non
400 666 589 760 portiones
617 665 835 758 deputamus.
894 666 981 762 Quo
1003 685 1090 760 ergo
1120 663 1227 758 focis,

192 767 373 842 ortionem
387 767 542 840 materiae
558 767 594 838 in
610 779 748 838 motum
769 763 976 857 disponere,
1001 765 1062 855 qui
1082 783 1160 836 non
1179 761 1226 836 ad

164 789 388 946 substantiam
400 865 570 960 pertinet,
583 861 641 938 sed
654 865 696 937 ad
709 857 904 936 substantiae
914 863 1100 938 habitum?
1123 861 1226 964 Quid
1266 878 1273 892 ‘

165 967 261 1042 enim
277 965 304 1038 fi
321 964 536 1038 immobilem
556 962 739 1058 placuisset
756 964 818 1036 tibi
836 962 1005 1036 inducere
1021 963 1232 1054 materiam*
1267 967 1269 978 '

162 1063 325 1158 nunquid
344 1065 570 1138 immobilitas
593 1061 744 1136 secunda
766 1081 844 1154 pars
865 1061 990 1135 sormae
1008 1059 1224 1144 videretur?

163 1163 356 1256 sistraque
370 1183 439 1236 nec
452 1175 593 1255 motus,
620 1162 679 1236 sed
693 1161 737 1236 de
754 1180 857 1236 motu
877 1160 1008 1234 &alibi
1020 1161 1156 1238 licebit.
1220 1167 1233 1204 ⁴¹

173 1261 179 1270 ’
240 1285 297 1356 37.
323 1261 433 1337 Nure
451 1263 544 1335 enim
559 1261 669 1335 video
688 1275 725 1334 te
739 1261 781 1334 ad
797 1261 890 1334 illam
909 1257 1025 1334 rursus
1041 1258 1233 1338 rationem·

162 1362 330 1455 teverti,
363 1381 439 1456 quae
464 1363 531 1434 tibi
550 1363 637 1434 nihil
659 1361 749 1435 certi
777 1359 987 1434 renunciare
1017 1359 1234 1438 consuevit’

163 1461 258 1542 Nam
280 1461 369 1536 srcut
389 1481 457 1534 nec
480 1461 706 1555 corporalem
725 1481 793 1534 nec
815 1462 1078 1552 incorporalem
1110 1461 1233 1561 infert¹

162 1559 370 1653 materiam,
405 1563 457 1635 ita
487 1581 556 1634 nec
588 1562 720 1634 bonam
753 1581 821 1633 nec
854 1561 979 1633 malam
1015 1559 1233 1657 adlegaisea·

162 1661 316 1758 proinde
340 1657 723 1758 superargumentalset.
785 1657 822 1732 Si
844 1660 937 1732 enim
955 1659 1098 1752 inquis,
1132 1659 1231 1734 esset*

161 1763 281 1854 bona,
308 1781 385 1852 quae
400 1759 535 1854 semper
550 1761 624 1834 hoc
640 1759 775 1834 fuerat:
802 1779 879 1832 non
895 1757 1106 1832 defideraret
1121 1753 1232 1834 com·'

162 1859 378 1960 pofitionem
397 1857 491 1932 Dei:
525 1857 550 1934 sr
571 1855 657 1932 esset
676 1871 802 1932 natura
823 1857 937 1950 mala,
970 1879 1045 1930 non
1067 1857 1220 1954 accepis·

162 1958 215 2036 set
230 1959 499 2030 translationem
521 1959 558 2030 in
578 1957 722 2030 melius:
755 1959 1025 2049 necquicquam
1042 1954 1235 2052 compos-³

161 2059 272 2132 tionis
295 2053 364 2128 suae
384 2053 602 2148 adplicuisset
622 2055 672 2129 illi
696 2055 796 2128 Deus
818 2058 880 2130 tali
906 2073 1055 2130 natura:
1093 2059 1130 2130 in
1156 2050 1235 2132 va·'

163 2175 270 2230 cuum
286 2157 380 2228 enim
392 2153 592 2232 laborasset.
642 2157 767 2230 Verba
779 2157 854 2232 haec
867 2167 930 2229 tua
941 2155 1036 2230 sunt:
1063 2177 1219 2249 quorum

160 2253 249 2330 te&
268 2255 349 2328 alibi
368 2251 559 2328 meminisse
578 2269 811 2350 oportuerat,
836 2276 883 2330 ne
899 2255 983 2348 quid
999 2257 1052 2329 his
1074 2274 1220 2333 contra·

161 2355 253 2432 rium
277 2354 439 2428 inferres.
489 2349 559 2428 Sed
584 2355 751 2448 quoniam
774 2353 818 2428 de
836 2355 918 2428 mali
942 2353 975 2426 δι
1000 2355 1085 2428 boni
1111 2359 1220 2432 ambi·

161 2453 299 2554 guitate
318 2453 421 2548 super
444 2455 626 2530 materiam
642 2456 680 2528 in
699 2453 884 2550 preteritis
904 2455 1033 2546 aliquid
1050 2451 1233 2532 retratlass

159 2557 300 2646 vimus,
326 2573 422 2627 nunc
437 2553 481 2626 ad
492 2554 719 2650 presentem,
746 2551 780 2626 dc
800 2551 908 2628 solam
927 2555 1219 2648 propositionem

160 2653 195 2728 a
218 2653 561 2754 argumentationem
585 2667 682 2729 tuam
703 2653 940 2746 respondebo.
997 2651 1080 2726 Nec
1101 2655 1218 2732 dicam

160 2751 275 2826 &hic
297 2765 336 2826 te
357 2769 494 2827 certum
517 2754 647 2846 aliquid
672 2751 825 2826 debuisse
852 2751 1122 2848 pronunciasse,
1155 2772 1219 2832 aut

158 2853 260 2930 bona
286 2864 347 2926 aut
374 2854 490 2947 nrala,
522 2867 584 2927 aut
608 2853 753 2927 tertium
775 2849 930 2945 aliquid,
961 2851 1020 2926 sed
1045 2876 1115 2925 nec
1141 2857 1233 2947 hic,¹

160 2951 261 3046 quod
280 2951 347 3026 tibi
369 2953 474 3024 libuit
491 2950 759 3047 pronunciasse,
784 2949 980 3027 custodisse.
1032 2951 1216 3030 Rescindis

160 3051 284 3145 enirn,
319 3051 417 3144 quod
432 3053 696 3147 pronunciasti,
729 3073 798 3126 nec
814 3053 947 3124 bonam
970 3073 1037 3124 nec
1062 3055 1232 3146 malam3·

160 3151 244 3244 quia
263 3171 344 3225 cum
365 3150 452 3226 dicis
474 3151 500 3226 fi
520 3150 606 3226 esset
626 3153 750 3246 bona,
782 3171 859 3226 non
879 3149 1090 3225 defideraret
1114 3175 1232 3228 com--

156 3251 269 3350 poni,
294 3249 443 3343 aDeo,
468 3253 593 3326 malam
618 3249 823 3344 portendis:
859 3248 996 3324 &curn
1015 3251 1215 3346 adponissr

159 3347 248 3422 esset
265 3351 356 3424 mala
377 3361 525 3444 natura,
551 3371 628 3422 non
648 3351 871 3444 admitteret,
897 3349 934 3423 in
956 3351 1080 3423 melius
1101 3365 1213 3428 trans-

157 3449 351 3528 lationem:
382 3450 516 3523 bonam
533 3445 774 3523 subostendis:
809 3461 915 3541 atque
940 3449 990 3522 ita
1012 3451 1045 3523 u
1067 3451 1155 3525 boni
1178 3451 1233 3528 δι’

156 3547 241 3624 mali
252 3543 403 3622 adfinem
419 3541 643 3642 constituisti,
660 3550 692 3622 ei
709 3569 813 3642 quarn
826 3565 895 3622 nee
910 3551 1042 3624 bonam
1057 3571 1127 3623 nec
1141 3575 1213 3626 rna·

156 3645 227 3720 tan
247 3647 497 3740 pronunciasti.
547 3647 584 3721 Si
606 3666 724 3723 autern
746 3649 1117 3747 argumentationem,
1142 3673 1234 3744 qna·

156 3743 286 3842 putasti
313 3755 352 3820 te
376 3745 658 3840 propositionem
685 3761 781 3824 tuam
806 3745 1123 3843 confirmaturum,
1156 3773 1211 3824 re·

156 3843 321 3931 oudam:
341 3845 513 3944 'Oppono
526 3849 636 3926 etiam
653 3849 758 3945 illud,
775 3849 912 3932 libone
927 3845 1047 3922 suisset
1063 3849 1237 4024 spateris*
