2540 4334
214 177 631 259 walirnetutbtta
654 179 935 258 veteranae.
967 189 986 230 ‘-
1047 201 1119 280 ιο,

7 357 10 368 ·
43 337 108 416 suo
122 337 225 414 loco.
275 337 400 416 Nemo
416 341 538 433 itaque
550 361 686 414 nomen
701 339 744 417 ad
759 341 991 436 Prophetiam
1000 341 1118 418 inter·

43 454 236 538 metetur,
275 441 374 531 quod
396 463 441 515 ex
465 441 532 514 alia
549 437 809 538 significatione
833 441 1022 516 deductum
1042 441 1120 520 esta

9 558 13 567 ·
42 539 237 640 praesertim
258 561 340 614 cum
358 559 548 636 appareat,
574 543 636 614 ubi
657 541 701 617 de
720 539 845 614 futuro
861 563 997 616 noman
1013 563 1118 618 acce·

43 641 162 736 petit,
188 641 262 714 illie
285 639 445 736 scilicet‚
480 643 542 717 ubi
562 641 644 716 Eva
668 642 964 736 cognominatur,
990 639 1120 736 persor·

42 741 210 833 badjam
235 743 452 836 vocabulo,
487 744 569 834 quia
593 743 756 816 naturale
778 741 1009 834 praecesserat
1075 741 1118 820 si
1189 754 1194 767 '

43 841 139 915 enim
154 836 236 914 Eva
249 854 362 914 mater
375 841 579 918 viventium
593 841 657 934 est,
672 862 758 914 ecce
773 863 819 914 ert
834 842 956 916 futuro
972 863 1115 941 cogno·

41 942 221 1032 minatur,
249 963 335 1014 ecce
351 963 444 1016 uxor
459 943 493 1016 dt
508 963 584 1016 non
599 943 708 1036 virgo
724 943 1007 1035 prenuntiatur‚
1035 945 1113 1018 hoo

43 1041 113 1118 erit
125 1041 349 1116 vocabulum
368 1059 540 1135 nupturae.
592 1039 650 1116 Ex
663 1056 777 1134 nupta
792 1043 887 1116 enim
900 1055 1031 1118 mater:
1055 1041 1118 1118 lta

41 1141 102 1217 hit
115 1162 264 1233 quoque
277 1142 503 1234 ostenditur,
528 1163 604 1216 non
621 1143 666 1216 de
680 1141 806 1214 futuro
820 1141 1006 1216 mulierem
1019 1155 1116 1218 tune
1155 1139 1164 1236 j

7 1273 8 1312 1
43 1241 288 1330 nominatam,
322 1263 401 1334 quae
422 1241 651 1336 postmodum
671 1255 862 1336 acceptura
881 1253 959 1318 erat
981 1239 1114 1314 futuro

7 1369 8 1382 Ν
42 1340 265 1416 conditionis
278 1340 348 1416 suae
359 1363 506 1434 nomen.
557 1339 873 1437 Responstunasatis
887 1337 938 1416 est
954 1340 1108 1421 adhaec

7 1471 10 1524 t
107 1455 193 1518 tem.
1009 1501 1013 1512 .

7 1571 9 1616 a
42 1463 150 1616 paro.
178 1540 376 1616 Videamus
395 1563 516 1635 name,
547 1541 572 1615 sr
595 1539 846 1636 &Apostolus
866 1539 1019 1616 formam
1040 1559 1111 1616 vo·

7 1671 10 1720 t
45 1642 158 1716 tabuli
181 1640 283 1719 illius
310 1641 501 1736 secundum
521 1641 687 1716 Genesim
708 1640 898 1734 observat,
932 1639 1030 1731 sexui
1050 1639 1117 1716 dea

7 1771 9 1820 ε
42 1751 167 1836 putans
193 1743 311 1836 illuc,
346 1743 369 1818 st
385 1744 571 1818 mulierem
591 1761 732 1816 vocans
751 1743 924 1836 virginem
939 1739 1112 1834 Matiane

7 1873 9 1920 l
46 1841 343 1934 quemadmodum
361 1843 396 1917 ἂ
412 1843 559 1918 Genesis
577 1839 705 1920 Evam.
755 1841 923 1916 Scribens
949 1842 1044 1916 enirn
1063 1839 1112 1918 ad

7 1951 9 2020 l
45 1939 214 2038 Galatas,
251 1945 370 2040 Miſsi,
404 1945 543 2038 inquit,
582 1943 796 2036 Deusfilr‘am
808 1937 1016 2032 suum‘fufiu

7 2073 10 2122 ι
46 2043 179 2119 muliere.
234 2045 354 2138 Quam
375 2045 500 2138 utique
516 2045 693 2140 virginem
714 2041 855 2117 constat
874 1947 1130 2216 suissed,

7 2171 10 2222 ι
48 2137 189 2221 Hebion
210 2143 356 2219 resistat.
403 2142 576 2241 Agnosco
601 2144 634 2216 dt
655 2146 818 2240 angelum
837 2141 1041 2216 Gabrielem
1063 2163 1083 2214 a

8 2271 11 2322 ι
46 2243 217 2338 virginem
232 2241 387 2328 milium:
412 2243 471 2318 sed
489 2265 571 2318 cum
585 2243 769 2318 benedicit
782 2243 898 2332 illam,
922 2241 1017 2315 inter
1032 2261 1112 2316 mu·

8 2371 11 2426 i
47 2339 149 2418 lieret
166 2365 245 2418 non
264 2343 360 2418 inter
378 2345 535 2440 virginet
558 2343 733 2438 deputat:
768 2339 939 2416 Beueddla
962 2358 998 2412 ru
1018 2347 1110 2414 ieter

8 2475 11 2524 t
47 2444 198 2518 nuliam.
258 2443 401 2518 Sciebat
427 2445 462 2518 e
485 2447 629 2540 angelus
656 2443 841 2518 mulierem
868 2443 976 2515 etiam
998 2441 1112 2535 virgi*

8 2575 10 2622 t
48 2561 125 2616 nem
145 2545 227 2618 dici.
288 2543 358 2618 Sed
378 2545 414 2618 lit
433 2545 475 2618 ad
493 2547 574 2620 bate
589 2545 663 2618 duo
685 2541 869 2641 ingeniose
892 2540 1033 2634 quidam
1051 2557 1110 2612 re-

8 2673 11 2726 t
49 2639 220 2736 spondilse
240 2645 302 2718 srbi
325 2645 419 2719 visus
441 2645 509 2720 est:
543 2647 712 2739 quoniam
735 2643 876 2736 quidem
898 2637 1111 2734 desponsata

8 2773 11 2822 r
48 2741 97 2816 est
112 2744 253 2840 Maria,
283 2745 423 2818 idcirco
440 2747 475 2819 bt
492 2747 535 2822 ab
557 2745 699 2842 Angelo
719 2747 753 2818 bt
770 2745 815 2817 ab
833 2739 1015 2836 Apostolo
1030 2760 1109 2816 mu.

8 2875 11 2922 r
48 2839 166 2920 lierern
189 2847 470 2940 pronuntiatam.
535 2843 756 2938 Desponsata
776 2843 899 2936 enim,
936 2843 1130 2934 qaudam„

48 2943 156 3018 nodo
171 2957 294 3037 nupta.
332 2943 471 3020 Tamen
488 2947 583 3020 inter
596 2943 886 3038 quodammodo,
913 2941 1106 3032 severum,

9 3079 11 3122 t
47 3037 124 3114 satia
142 3045 314 3139 interest,
348 3045 522 3124 duntaxat
545 3047 672 3123 hocin
696 3046 813 3138 loco,
849 3063 931 3116 nam
949 3041 1034 3114 alibi
1055 3040 1108 3116 ita
1262 3039 1263 3074 ³

9 3175 11 3224 t
48 3137 123 3216 sane
147 3145 349 3220 habendum
381 3145 442 3222 est.
504 3147 615 3222 Nunc
641 3165 762 3238 vero,
800 3165 877 3217 non
910 3140 1004 3234 quast
1033 3137 1112 3232 jam

9 3277 10 3316 1
49 3259 191 3334 neptam
199 3247 385 3320 mulierem
395 3247 546 3344 Mariam
559 3245 910 3340 pronunciaverunt,
923 3235 1108 3332 sedquast,

9 3375 10 3414 ι
51 3339 273 3420 nibilominus
292 3345 498 3440 lemnam,
527 3343 678 3422 etiamst
700 3365 777 3420 non
798 3339 984 3438 sponsam,
1009 3335 1110 3434 quast

9 3473 10 3520 l
53 3437 119 3516 bot
138 3446 374 3542 aprimordio
396 3447 534 3524 dietam
586 3445 678 3520 Illud
701 3445 796 3519 enirn
814 3439 1024 3536 praejudicet
1044 3459 1109 3514 ne.

9 3573 11 3624 t
57 3537 138 3616 telle
159 3545 238 3640 est,
272 3565 389 3638 aquo
411 3545 529 3621 forma
552 3543 744 3620 descendit.
804 3539 986 3624 Ceterum
1007 3535 1111 3632 quod

9 3647 12 3692 l
55 3644 224 3734 pertineat
237 3645 282 3720 ad
296 3644 371 3718 boe
384 3645 703 3740 capitulumfibic
718 3639 935 3738 desponsata
950 3639 1111 3730 adaque·

10 3771 11 3822 l
53 3746 126 3834 tur,
147 3759 191 3818 ut
204 3743 290 3818 ideo
303 3745 430 3820 mulier
443 3743 534 3829 dieta
546 3747 588 3824 lu
601 3743 739 3842 Maria,
764 3761 842 3816 non
858 3759 934 3847 quae
948 3737 1126 3832 stamina*

10 3871 11 3886 r
54 3831 109 3914 sed
127 3845 396 3976 quarnaritatal
421 3839 880 4057 lamergo4Cluistuaaou
902 3829 1147 4024 exurgitrgssl'
1262 3915 1263 3982 3
