2638 4342
539 243 877 322 Cnnmrun.
1038 205 1044 234 ¹
1164 245 1203 326 δὲ

174 405 272 502 Tam
288 400 354 482 uili
367 405 488 501 pretio
503 427 589 480 caro
610 405 703 480 freda
719 407 861 500 paravit
876 405 1053 490 honores:

172 508 249 582 Sed
264 505 363 601 spes,
391 505 605 600 &promissa
619 503 707 582 fides
725 507 935 580 mortalibus
951 509 1050 606 olim,

173 607 267 683 Haec
285 620 435 700 operata
450 607 551 699 tulit,
577 625 710 702 magnae
727 606 878 679 rationis
898 603 1047 703 imago,-

172 707 423 784 Praemeditata
442 703 576 798 Patris,
602 706 711 788 nimiu
727 705 862 800 pietate
879 721 1001 798 parate

173 809 386 882 Venturum
399 803 575 878 Christum
590 807 716 897 terris,
742 805 994 897 hominemque
1014 805 1194 897 fundum

172 909 300 1082 Suem
316 903 430 980 visum
446 901 626 999 Joannes,
652 895 812 1000 baptismi
830 903 962 998 primos
983 921 1144 1000 apertur,

209 1021 227 1080 t
240 1020 366 1080 vatum
380 1001 519 1098 locius,
543 1025 612 1078 nec
627 1024 703 1078 non
720 1004 753 1078 tr
768 1001 968 1097 Apostolus
983 1005 1109 1104 ingens

171 1103 376 1182 Praecursor
391 1101 511 1178 misius
525 1119 665 1196 certus,
691 1101 859 1194 testisque
874 1100 1002 1199 fidelis,

172 1203 358 1301 Augustus
376 1205 475 1284 vita,
500 1202 638 1278 sublimi
655 1204 758 1278 laude
779 1217 943 1295 notatus,
1153 1197 1158 1207 ⁴

174 1301 276 1380 Olim
289 1299 416 1397 pascha
429 1301 519 1398 Dei,
544 1323 671 1384 verum
686 1309 927 1395 querentibus
943 1323 1073 1400 egnum
1152 1306 1156 1314 '

172 1403 345 1480 Ostendit
364 1403 506 1476 tandem
526 1399 680 1496 venile,
705 1403 843 1495 piacula
857 1401 937 1476 secli
1055 1410 1058 1416 '

175 1505 253 1604 Qui
269 1501 395 1576 deiide
409 1499 473 1575 suo
489 1505 684 1578 multorum
698 1501 865 1597 sanguine
878 1499 1010 1594 solvat,

171 1601 248 1680 Pro
263 1603 429 1698 reprobis
443 1603 600 1696 probus,
627 1601 798 1694 decorus,
822 1621 890 1694 pro
907 1604 1035 1676 vilibus
1051 1621 1158 1696 unus,

172 1701 345 1800 Corpore
359 1703 495 1798 home,
519 1702 667 1792 vitaque
681 1700 800 1793 Deru,
827 1699 995 1776 medianis
1010 1715 1053 1776 ut
1070 1721 1194 1800 agnus,

171 1799 377 1896 Acciperet
386 1821 476 1894 noa,
503 1801 660 1874 &nobis
679 1797 714 1874 se
733 1799 936 1874 effunderet
952 1799 1073 1894 ipsum.

172 1903 235 1976 Sic
250 1903 385 1996 placuit
400 1899 585 1992 Domino,
610 1915 765 1976 mortem
781 1899 930 1994 spoliare
946 1897 1145 1996 superbam,

172 2000 235 2076 Sic
251 2002 389 2094 poterit
404 1997 619 2074 miserandus
634 2001 746 2074 homo
760 1997 902 2096 sperare
917 1998 1073 2076 salutem.

171 2099 286 2178 Hunc
303 2097 464 2196 pascham
483 2099 610 2176 Paulus
624 2099 813 2174 mediatum
829 2101 998 2194 praedicet
1011 2121 1158 2198 agnum

171 2199 260 2278 Nec
274 2201 407 2297 species
425 2197 596 2294 Domini,
619 2203 762 2294 peeoris
782 2199 935 2274 sublimis
950 2201 1073 2276 inertis

172 2299 374 2376 Consimilis
391 2299 543 2394 patitur,
570 2313 806 2394 quapropter
826 2301 955 2374 dicitur
973 2322 1099 2396 agnus:

171 2400 246 2476 Sed
258 2401 339 2494 quia
355 2397 496 2472 lanities
512 2411 692 2472 renovata
709 2399 785 2472 haec
804 2419 961 2500 corpora
977 2399 1098 2494 vestit,

171 2501 251 2578 Dat
265 2501 427 2598 tegimen
435 2499 555 2574 metitis
571 2551 585 2590 ‚
611 2519 763 2589 unquam
782 2517 852 2570 nec
866 2495 989 2574 deficit
1005 2497 1090 2592 ipse.

224 2623 261 2692 4.
277 2599 334 2674 Sic
344 2597 524 2681 Dominus
535 2598 673 2670 virtute
683 2597 810 2692 Patris,
824 2619 915 2690 quos
930 2612 1051 2672 morte
1063 2599 1203 2680 redemit

170 2695 316 2774 Exutos
335 2698 394 2772 sua
408 2702 489 2772 luce
501 2699 615 2794 ‘tegitq
642 2719 719 2789 quae
738 2696 873 2791 semper
890 2701 927 2777 in
946 2701 1011 2772 illo
1032 2699 1094 2776 est.
1202 2759 1203 2762 r

165 2785 271 2896 Ergo
289 2797 412 2873 Pastor
428 2818 560 2892 ovem,
587 2799 645 2892 qui
664 2799 842 2892 perdidit,
867 2797 939 2892 ipse
954 2799 1117 2898 requirit,

169 2899 205 2978 lt
221 2901 334 2974 robur
348 2898 535 2990 spinasque
551 2919 632 2970 uve
647 2899 785 2972 calcare
800 2911 956 2992 paratus,

171 2999 253 3074 Aut
272 3000 406 3074 rabiem
423 2994 587 3092 superare
604 2999 699 3090 lupi,
723 2997 971 3090 pecudumque
988 2999 1114 3095 potiri,

168 3093 340 3192 Eriperet
357 3097 485 3192 fortis,
513 3099 730 3190 contemptis
749 3097 914 3170 dentibus
929 3100 1042 3193 ultro,

171 3197 344 3290 Objedtat
357 3195 428 3272 sese
443 3199 525 3288 leo,
552 3198 645 3290 pelle
666 3195 831 3270 obteuus
850 3197 954 3290 ovili,
1029 3259 1033 3270 .

150 3295 368 3392 .Decipiens
383 3297 508 3372 habitu
522 3311 688 3390 rapturus
708 3295 874 3391 sanguine
890 3295 1024 3373 fauces.

167 3399 289 3474 Adam
307 3397 348 3469 vi
364 3411 508 3490 captum
520 3397 566 3469 src
581 3398 706 3487 querit
726 3393 883 3494 Christus
897 3399 1044 3490 ubique,

166 3495 187 3575 1
212 3495 250 3574 se
267 3497 360 3570 viam
376 3495 557 3594 gradiens,
584 3516 654 3587 qua
671 3489 768 3569 niors
786 3511 935 3588 operata
947 3499 1085 3574 ruinam
1100 3499 1166 3599 est,

207 3599 304 3672 mnia
319 3593 530 3690 perlustrans
547 3611 713 3670 veterum
728 3599 1152 3696 monumentavirorum,

165 3697 315 3793 Singula
326 3693 561 3792 perspiciens,
589 3695 758 3788 exemplis
779 3697 944 3770 omnibus
960 3720 1066 3792 unus,

166 3795 226 3874 Ex
242 3809 350 3869 utero
365 3795 538 3888 incipiens
552 3796 730 3870 inimicam
747 3817 792 3868 ex
809 3797 942 3890 pellere
960 3813 1130 3895 mortem,

167 3892 368 3994 Conceptae
380 3893 479 3980 fimus
493 3894 533 3972 in
546 3896 683 3998 gremio
699 3915 781 3976 cum
793 3892 924 3978 semine
937 3899 1051 3982 carnia

1067 3989 1179 4078 Aeta}
