2638 4342
27 391 29 394 Ι
163 295 214 374 Et
229 297 301 392 jam
316 300 399 374 luce
415 323 534 399 nova,
555 305 627 398 jam
649 303 751 378 dono
769 305 896 400 plenus
910 319 1084 401 utroque,

45 221 51 229 ,
152 141 238 244 'pta
310 79 1072 241 emmeramianeommnr

163 398 347 476 Fruttibus
367 401 401 475 δι
418 403 513 474 vivae
532 403 676 498 paradisr
691 406 791 478 letus
807 403 951 480 amoeais

162 497 304 576 Laudat
323 499 360 574 in
376 513 547 582 eternum
565 501 696 580 caelesti
716 504 817 578 dives
833 505 871 578 in
888 505 978 580 aula.
1037 532 1048 548 ·

512 787 760 864 LIBER
807 787 904 880 ΙΙ.Ι

17 943 20 951 ·
92 946 96 955 =
165 926 198 983 1.
273 903 432 999 pstquam
451 907 560 982 fratta
577 905 665 984 fides
682 909 814 1006 refugis
833 907 1043 1006 spirantibus
1060 909 1188 1008 hostia,
1271 949 1273 951 ·

296 1005 346 1080 Et
363 1002 689 1104 glomerata‘doiis‚
715 1009 855 1084 emersit
867 1007 973 1103 pestis
993 1023 1126 1104 operta

23 1123 26 1130 ·
159 1105 300 1204 Sponte
316 1107 391 1188 sua,
415 1105 574 1208 'mendax
596 1122 810 1201 contempto
825 1109 1102 1186 nominarentur

161 1205 325 1282 Confixit
341 1209 480 1302 plagas,
499 1208 617 1282 fallaci
629 1210 771 1282 tramite
789 1210 926 1302 pallens

160 1307 371 1382 Santiorom
388 1306 486 1380 ditiis
507 1305 565 1380 sua
577 1305 716 1382 miscuit
734 1309 842 1399 impia
857 1309 985 1402 verba,

160 1407 273 1498 Inque
291 1411 429 1484 bonum
445 1403 564 1482 semen
580 1409 707 1490 lolium
725 1407 921 1482 miserabile
938 1405 1047 1483 sevit:

159 1507 249 1582 Inde
267 1509 397 1580 volens
412 1527 557 1582 omnem
574 1507 712 1582 causam
724 1505 886 1584 constare
903 1509 1028 1603 ruine,
1055 1527 1059 1538 “

159 1601 307 1680 Scilicet
323 1620 364 1678 ut
384 1603 443 1687 sua
462 1605 553 1682 fatto
569 1607 655 1684 Deo
675 1602 850 1704 subsignat
870 1607 990 1700 iniqua

147 1705 311 1799 ,Ocyum
338 1705 371 1778 δι
386 1705 490 1800 potiit
508 1705 624 1782 suasos
640 1705 788 1804 infigere
802 1708 929 1801 penis,

158 1805 268 1879 Veris
291 1803 374 1883 falsa
394 1817 540 1902 tegens,
568 1805 759 1884 &lenibus
777 1805 897 1900 aspera
912 1818 1059 1882 vertent

2 1959 44 1986 ·,
102 1981 104 1987 ,
158 1900 210 1980 Et
224 1904 334 1987 roseis
351 1903 449 1978 sertis
468 1903 572 1981 hastan
587 1929 762 1981 mucrone
779 1919 950 2000 coperto,

157 2005 358 2098 Improvise
375 2027 506 2080 necans
521 2005 712 2098 incautos,
738 2011 857 2082 morte
874 2003 1046 2100 suprema,

157 2105 392 2198 Supprenaum
406 2105 507 2178 nefas
524 2105 560 2180 in
577 2119 716 2182 tantum
732 2106 908 2182 dementia
923 2104 1072 2198 mersos,
1211 2161 1215 2170 .

71 2215 72 2222 '
144 2201 347 2298 'Abruptos
364 2206 549 2298 homines,
575 2203 721 2283 Numen
740 2204 813 2282 fine
827 2203 902 2280 fine
921 2201 1163 2302 tremendum,

156 2301 335 2379 Dividere
351 2305 386 2378 in
404 2318 542 2398 partes3
566 2303 696 2382 Christi
714 2303 872 2380 sublimia
887 2303 991 2396 faeta,

157 2401 256 2479 Falsa
272 2404 375 2490 laude
390 2403 506 2500 sequi,
534 2406 749 2502 culpareque
762 2404 857 2503 gesta
873 2404 1010 2500 priora,

156 2503 386 2588 Innumerata
400 2505 679 2600 Deimiracula,
708 2505 781 2582 visa
794 2526 865 2580 nec
880 2524 1036 2598 unquam
1133 2569 1139 2576 ,

112 2618 115 2624 ’
157 2601 259 2678 Ante
274 2625 343 2677 nec
362 2603 499 2696 audita,
527 2620 806 2699 contemptaque
825 2601 959 2696 corde,
985 2624 1054 2678 nec
1068 2605 1160 2684 ulio,

30 2734 38 2746 ,
156 2701 251 2777 Tam
264 2719 399 2778 temere
415 2703 527 2778 scelos
542 2703 705 2780 illicitum
719 2723 941 2798 componere
956 2705 1094 2798 verbis,
1151 2806 1153 2815 Ι

156 2799 361 2878 Adversum
376 2801 446 2878 sese
464 2803 537 2878 duo
555 2801 765 2880 testamenta
780 2801 920 2898 sonare,

157 2899 297 2976 Contra
313 2901 574 2996 Prophetarum
589 2905 737 2980 Domini
757 2905 985 2982 committere
1003 2903 1116 2980 verba

14 3018 17 3028 ’
155 2993 315 3077 Diffimili
330 3005 439 3100 longe
454 3003 628 3078 sententia
644 3007 738 3078 velle
756 3003 930 3100 probare:

64 3117 68 3126 ·
158 3099 315 3183 Omnem
332 3103 421 3200 legis
437 3101 606 3179 infamem
623 3105 800 3182 deducere
817 3101 968 3204 causam,

97 3221 99 3229 ’
155 3199 438 3294 Sanitorumque
454 3203 598 3280 Patrum
618 3205 730 3279 vitam
748 3204 945 3300 reprobare
962 3195 1138 3302 priorem,

156 3303 263 3400 Quos
278 3303 313 3374 in
335 3304 524 3378 amicitiam
544 3303 678 3379 adierit
689 3299 812 3396 Deus,
838 3303 882 3378 ad
901 3301 960 3380 sua
975 3305 1083 3380 dona

153 3401 344 3494 Accipitur
361 3401 432 3476 stne
448 3403 626 3500 principio
643 3423 713 3497 pro
731 3417 832 3498 parte
847 3403 993 3496 minori,

155 3501 341 3592 Quattuor
360 3523 405 3576 ex
425 3521 500 3574 uno
518 3521 599 3578 curn
619 3501 683 3594 iit,
710 3525 756 3578 ex
774 3515 946 3594 quattuor
962 3521 1087 3598 unum,
1153 3549 1156 3556 »

76 3613 78 3622 ’
152 3597 220 3677 His
240 3612 358 3671 tamen
374 3619 445 3674 una
463 3601 608 3696 placet,
635 3603 810 3698 reprobat
825 3613 900 3676 tres
915 3591 1229 3700 denique‘partea,
1316 3577 1317 3596 Ν

152 3695 428 3788 Auitorenaque
443 3686 493 3772 sui
510 3699 656 3776 Paulum
675 3721 740 3795 per
761 3701 874 3778 muita
890 3697 1083 3796 capeffunt,

43 3831 62 3911 Δ,
151 3793 191 3872 N
194 3817 235 3872 ec
252 3811 329 3874 oon
347 3795 482 3895 eripio
497 3799 705 3878 furiebatin
721 3803 853 3904 extima
869 3799 1003 3904 verber

1019 3897 1168 3996 Omnia,

1314 323 1317 386 Ι

1313 419 1317 492 i

1221 519 1317 593 .Ι

74 731 75 734 ’
1314 720 1317 762 Ι
