2926 4372
266 306 342 406 aaa
415 321 463 425 Q.
489 307 623 396 serr.
642 286 796 393 'nean
818 307 1187 392 narrantum

266 483 479 582 permittens
502 477 573 554 esui
596 481 716 553 omnia
733 475 783 552 ad*
796 463 1080 558 constituendam
1100 475 1343 570 idolothytm

266 593 345 658 turn
356 581 634 674 exceptionem,
652 589 730 652 non
745 591 865 652 tamen
877 579 1080 652 in'macello
1093 595 1261 673 regnum
1276 577 1342 650 Da

263 678 426 773 inclusit,
447 684 619 777 maranim,
637 679 773 773 inquit,
793 703 860 750 eus
873 695 932 749 aar
939 694 1033 776 patus
1048 677 1087 774 efl
1106 683 1173 748 Dei
1192 703 1342 771 regnum,

266 780 381 870 &esca
398 805 455 852 mas
474 783 542 856 Dua
559 803 626 851 nam
639 781 849 850 commordete
875 796 952 852 non
965 791 1009 850 ut
1026 777 1071 850 de
1087 777 1189 850 arida
1210 777 1342 852 didam

294 895 400 976 utes,
435 873 495 954 sed
516 879 638 977 potius
661 877 826 953 destmbia
848 877 1078 953 &accurata
1133 876 1171 950 Si
1195 879 1343 970 quidem

266 901 472 1075 subjiciens,
486 1003 544 1051 mec
552 979 579 1076 fi
591 983 881 1050 manducaverimus
898 979 1143 1065 abundabimus,
1161 1003 1226 1048 nec
1236 981 1271 1073 fi
1285 1000 1343 1052 nm

266 1081 565 1155 manducaverimus
576 1081 768 1172 deficiemus:
782 1079 849 1152 tibi
859 1079 967 1174 magis
981 1077 1136 1172 insonat,
1152 1081 1222 1172 qai
1238 1081 1342 1154 abun-

266 1169 410 1256 darete
430 1177 603 1254 existimas
621 1179 647 1254 fi
663 1177 767 1272 edas,
791 1177 826 1250 u
848 1172 1000 1251 deficere
1015 1177 1046 1264 fi
1067 1197 1146 1250 non
1166 1179 1287 1272 edas,
1313 1181 1342 1253 b

265 1277 351 1354 ideo
371 1277 434 1353 ista
450 1277 651 1376 detractas„
683 1277 882 1354 Doniinum
902 1297 1048 1371 quoque
1065 1299 1173 1369 quam
1194 1279 1343 1378 indigne

100 1463 101 1484 Ν
237 1465 243 1478 s
265 1380 312 1454 ad
337 1393 436 1453 tuam
456 1377 639 1454 libidinem
661 1377 906 1473 interpretaris
924 1377 1041 1472 passam
1057 1377 1343 1453 manducantem

266 1479 303 1555 bu
325 1477 536 1570 bibentem,
575 1475 748 1571 sedputo
773 1473 998 1568 quodetiam
1023 1475 1245 1573 jejunavit,
1288 1479 1343 1572 qui

100 1593 101 1616 ¹
251 1574 398 1676 ⁴beatos
415 1596 493 1652 noo
509 1573 707 1671 saturatos,
732 1573 792 1650 sed
805 1569 1047 1650 esurientes&
1064 1575 1237 1652 fitientes
1264 1598 1342 1673 pro

253 1677 475 1778 ⁴nunciavit:
499 1663 688 1772 quiescam
702 1671 941 1772 profitebatur
956 1695 1033 1748 non
1048 1696 1154 1770 quam
1173 1677 1343 1776 discipul

266 1770 533 1872 existimarant,
568 1775 629 1854 sed
650 1777 791 1872 paterni
811 1773 930 1870 operis
954 1773 1255 1872 perfeiiionem,
1286 1779 1342 1852 do·

235 1951 239 1956 .
257 1871 351 1951 'tens
376 1879 517 1978 operari
538 1873 743 1968 escamque
757 1889 879 1950 manet
896 1878 933 1948 in
949 1875 1061 1948 vitam
1078 1875 1285 1973 aeternam,
1311 1880 1342 1952 in

266 1974 448 2054 ordinaria
474 1977 581 2050 etiam
608 1975 777 2058 oratione
800 1995 929 2068 panem
954 1976 1123 2066 mandans
1152 1975 1342 2068 postulae·

266 2067 376 2168 dum,
407 2093 484 2150 non
502 2077 538 2148 b
554 2071 741 2150 Attalicas.
801 2071 861 2148 Sic
884 2073 919 2147 ta
940 2069 1057 2148 Esaias
1085 2093 1166 2146 non
1188 2081 1345 2176 negarit

243 2167 389 2271 ,Deum
408 2173 547 2272 elegisse
562 2173 757 2271 jejunium,
785 2169 843 2246 sed
860 2174 963 2266 quale
981 2194 1059 2248 non
1080 2175 1244 2270 elegerit
1262 2201 1344 2253 enu-

139 2327 144 2340 .
267 2273 433 2371 metavit.
487 2277 528 2348 In
544 2277 764 2361 dehumabat,
789 2273 925 2368 inquit,
944 2275 1138 2372 jejuniorum
1157 2277 1344 2374 vestrarum

178 2417 192 2440 a
268 2379 494 2473 inueniuntur
518 2379 700 2472 uoluptates
724 2373 856 2474 veslru,
889 2369 1051 2451 &omues
1066 2371 1233 2473 subjeiias
1254 2380 1342 2451 veiis

263 2477 465 2568 succutitis,
500 2477 622 2548 autad
643 2481 788 2548 conuiuia
810 2471 850 2552 θ’
872 2475 946 2544 lires
962 2477 1123 2570 jejunatis
1146 2477 1187 2549 U
1217 2483 1342 2551 cuditis

290 2583 401 2668 ugnit,
417 2599 485 2646 man
500 2575 565 2647 talu
575 2579 736 2675 jejunium
750 2601 798 2670 ega
815 2577 904 2670 elegi,
922 2571 981 2646 sed
994 2576 1098 2667 quale
1114 2570 1294 2676 subjecit,
1312 2580 1343 2652 ἃ

265 2597 488 2768 subjiciendo
510 2695 588 2750 non
608 2673 770 2768 abstulit,
794 2671 853 2748 sed
871 2667 1111 2768 confirmavit

347 2777 403 2850 16.
429 2773 525 2849 Nam
541 2777 574 2850 dt
592 2773 617 2849 s1
633 2775 774 2848 mavult
791 2793 903 2868 opera
914 2770 1082 2867 justitiae,
1106 2797 1185 2848 non
1214 2793 1342 2854 tamen

265 2873 343 2950 stne
351 2875 507 2966 fiacriflcio
516 2922 528 2964 ,
556 2874 654 2970 quod
673 2873 724 2950 est
739 2880 848 2946 anima
863 2869 1044 2965 candidiora
1056 2873 1220 2968 jejunii&
1277 2879 1343 2954 nie

268 2987 370 3048 certe
381 2975 487 3048 ‘Deus
504 2977 562 3048 cui
579 2997 648 3050 nec
662 2974 818 3070 populus
826 2973 1061 3058 incontinens
1078 2977 1169 3070 gulae
1181 2979 1342 3071 placuit,
1362 3067 1363 3070 g

268 3093 340 3148 nec
354 3071 540 3172 sacerdos,
570 3097 639 3150 nec
657 3075 873 3170 prophetes,
899 3085 1045 3147 manent
1067 3073 1184 3147 adhuc
1207 3099 1344 3152 monu-

267 3187 391 3254 menta
407 3171 727 3269 concupiscentie,
751 3173 813 3246 ubi
835 3171 991 3267 sepultus
1015 3171 1067 3245 eii
1081 3175 1249 3268 populus
1269 3199 1344 3252 car·

268 3275 325 3345 nis
348 3271 557 3350 auidiffimus
580 3293 696 3366 vsque
717 3272 762 3347 ad
781 3272 962 3348 choleram
981 3285 1242 3368 ortygometra
1262 3299 1344 3351 cru·

270 3369 430 3447 ditando.
471 3371 625 3446 Etiditur
637 3391 706 3466 pro
723 3371 846 3466 templi
859 3371 997 3446 foribus
1015 3369 1132 3446 senior
1147 3373 1261 3470 Heli,
1278 3375 1344 3452 iiiii

269 3471 347 3564 ejus
364 3471 400 3546 in
416 3469 492 3548 acie
503 3485 633 3566 ruunt,
651 3491 759 3544 nurus
779 3471 919 3565 expirat
932 3473 969 3545 in
982 3485 1105 3565 partu:
1127 3473 1230 3548 hane
1244 3479 1345 3552 enim

265 3585 448 3644 metuerat
467 3591 488 3646 a
503 3568 588 3645 Deo
606 3571 743 3669 plagam
760 3571 887 3644 domus
904 3571 1113 3666 impudens,
1138 3571 1344 3650 sacrificio·

268 3687 348 3746 rum
365 3671 556 3744 carnalium
574 3669 823 3746 defraudatrix.
873 3669 1013 3746 Sameas
1029 3671 1142 3746 homo
1155 3671 1240 3750 Dei
1256 3697 1347 3754 cm

270 3769 407 3846 exitum
432 3767 675 3864 prophetasset
707 3769 922 3844 idololatria
955 3770 1167 3844 introdubiae
1192 3795 1218 3846 a
1249 3797 1345 3873 rege

268 3865 514 3961 Hieroboam,
541 3869 623 3964 post
639 3889 780 3946 manum
801 3871 876 3962 ejus
893 3871 984 3966 regis
1004 3869 1194 3947 aretatem
1218 3873 1257 3946 ta
1275 3875 1346 3950 si*

264 3963 332 4058 tim
344 3964 571 4067 restitutam,
585 3967 668 4066 post
682 3969 792 4118 tltgre
807 3965 969 4050 bffatm
980 3989 1007 4069 ,⁵
1017 3972 1070 4050 ab
1092 3969 1171 4048 bae
1181 3968 1290 4153 agna
1303 3977 1344 4052 ὁ
