2638 4342
149 193 152 200 ¹
273 213 975 294 orsoru·rrerrnrrr.‹
1051 217 1124 311 627

70 377 179 452 reoda
195 371 296 450 Deus
311 376 512 473 mitigatur.¹
536 375 677 476 ltaque
690 375 954 474 exomologesis
969 375 1125 472 proster-
1179 453 1189 462 ,

69 476 173 552 nendi
190 475 226 548 ds
242 473 495 550 humilificandi
507 475 662 558 homnis
677 475 858 571 disciplina
872 475 943 570 est,
970 489 1125 556 conver

69 575 238 652 sationem
250 577 438 672 injungens
449 573 859 668 misericordiaeillicern3
886 577 930 652 de
942 576 1020 671 ipso
1035 599 1126 671 quo·

68 673 1124 773 quehabimatquevistttmandausacco'dtcineriincubare,

69 793 198 872 corpus
214 772 375 848 sordibus
391 773 592 868 obscurare,
605 778 757 850 anirnurn
770 778 982 850 moeroribus
994 779 1124 870 dejice·
1259 845 1266 859 ,

69 893 126 964 τες
141 876 215 968 illa,
232 895 309 968 qua
322 877 504 968 peccavit,
517 875 605 948 tristi
619 873 831 950 trasiatione
844 891 991 952 mutare.
1019 875 1130 952 Cete=

65 993 144 1050 runs
162 972 300 1068 pastum
317 973 351 1047 dt
367 987 496 1068 potum
514 995 604 1070 pura
620 974 746 1064 nollet
777 995 855 1050 non
877 978 1013 1066 ventris
1036 973 1125 1054 scili-

67 1091 144 1170 cet,
168 1071 227 1148 sed
242 1075 366 1149 anima
381 1071 506 1152 caussa.
555 1073 769 1168 Plerumque
782 1093 874 1150 vero
884 1076 1026 1169 jeJ'uniis
1042 1095 1124 1169 pre·

57 1195 127 1254 :ees
147 1175 266 1266 alere,
299 1169 547 1270 ingemiscere,
575 1173 807 1268 lachrymari,
840 1173 1028 1270 &mugire
1048 1175 1124 1250 dies

65 1273 262 1367 audiesque
280 1273 324 1348 ad
344 1272 529 1351 doru'nrmr
541 1273 662 1353 Deum
676 1288 802 1367 tutuo,
827 1277 1048 1370 presbyteris
1066 1275 1124 1354 au

57 1376 202 1468 uolui,
234 1371 268 1448 dt
286 1367 354 1446 iris
372 1369 444 1446 Dei
464 1373 728 1471 adgeniculari,
762 1373 927 1450 omnibus
953 1374 1122 1450 fratribus

66 1473 263 1574 legationes
280 1471 542 1567 deprecationis
564 1473 632 1546 sue
648 1473 844 1569 injungere.
896 1475 985 1550 Haec
1003 1476 1124 1574 omnia

23 1661 24 1670 g
66 1573 351 1668 exomologesis,
386 1585 429 1646 ut
457 1574 704 1666 poeniteutiam
722 1573 978 1667 commendet,
996 1589 1052 1660 ,ut
1078 1575 1124 1648 do

65 1673 215 1770 periculi
229 1673 360 1747 tirnore
379 1671 563 1748 dominum
577 1673 758 1766 honoret,
783 1675 873 1747 utin
892 1687 1124 1766 peccatorem
1256 1717 1261 1750 t

63 1773 135 1869 ipsa
153 1771 396 1868 pronuncians
422 1789 490 1865 pro
512 1771 582 1846 Dei
605 1773 851 1869 indignatione
874 1771 1125 1867 iungatur,=dt

61 1871 255 1968 temporali
287 1867 516 1946 afflieauone
548 1885 682 1948 merua
709 1869 878 1965 supplicia
901 1889 979 1950 non
1009 1873 1124 1948 dican

61 1973 279 2064 uniretur,
297 1967 357 2044 sed
373 1985 565 2069 expungat.
617 1969 708 2046 Cum
726 1973 834 2068 igitur
849 1973 1043 2065 provolvit
1058 1972 1124 2046 ho·

59 2075 216 2165 mucor,
247 2071 357 2166 rnagis
380 2071 540 2147 relevat:
570 2069 858 2164 cumsqrtalidum
877 2069 983 2166 facit,
1013 2073 1123 2167 magia

61 2171 273 2252 mundatum
286 2167 423 2266 reddita
447 2169 699 2262 cumaccusat,
715 2193 797 2245 cunr
811 2171 1046 2264 condemnat,
1061 2175 1124 2244 ab·

50 2269 185 2350 ‚solvit
219 2269 435 2360 loquantum
450 2289 527 2344 non
541 2271 746 2365 peperceris
762 2271 849 2362 tibi,
866 2272 1042 2350 intantum
1056 2271 1122 2346 tibi

61 2373 188 2466 Deua,
214 2369 342 2461 crede,
367 2383 502 2461 parcet.
862 2423 865 2432 .

140 2495 198 2546 ro.
230 2467 428 2560 Plerosque
447 2479 567 2544 tamen
583 2467 666 2564 ‚hoc
691 2487 808 2562 opus,
841 2481 884 2542 ur
909 2467 1126 2565 publicatio-
1182 2482 1187 2492 ·

60 2593 147 2650 unu
166 2570 241 2662 suis
267 2581 329 2640 aut
347 2563 545 2668 suffugere,
567 2581 633 2642 aut
649 2568 693 2643 de
710 2568 772 2643 die
794 2571 829 2643 in
850 2568 942 2642 diern
964 2565 1124 2664 differre,

61 2669 264 2768 praesumo3
290 2665 439 2762 pudoris
453 2669 561 2766 magis
577 2667 759 2744 mensores
776 2689 879 2761 quarn
895 2665 1033 2742 salutis:
1061 2689 1125 2742 ve·

50 2775 117 2848 'lut
129 2771 205 2864 illi,
226 2767 285 2862 qui
298 2769 505 2864 inpartibus
520 2769 841 2844 verecundioribus
853 2769 1021 2862 corporis
1037 2787 1125 2840 con·

60 2869 177 2947 trasia
193 2866 409 2960 vexatione,
429 2867 682 2944 conscientiam
698 2869 916 2942 medentium
933 2869 1071 2952 vitant,
1090 2866 1125 2940 dt

59 2974 113 3048 ita
129 2989 216 3044 curn
230 2963 475 3042 erubescentia
490 2963 550 3040 sua
564 2981 729 3060 pereunt
780 2963 1047 3042 Intolerandum
1063 2963 1125 3038 sci·
1167 3041 1168 3045 a

57 3075 151 3148 iicet
170 3065 327 3165 pudori,
354 3067 504 3144 domitio
520 3065 660 3142 offenso
676 3065 898 3159 satisfacere,
924 3063 1024 3140 saluti
1040 3085 1125 3157 pro·
1252 3139 1260 3150 ,

59 3169 175 3248 dade
191 3161 411 3254 reformari.)
448 3163 521 3240 Nae
543 3181 584 3242 tu
600 3165 819 3259 verecundia
834 3167 975 3256 bonus,
1002 3161 1045 3238 ad
1066 3164 1126 3239 de·

57 3269 298 3364 requendum
323 3260 529 3362 expandens
561 3267 749 3360 frontem,
787 3266 831 3342 ad
863 3265 1126 3357 deprecandum

58 3392 159 3448 erro
174 3365 386 3444 subducenti
436 3361 518 3464 Ego
535 3369 793 3442 ruborilacum
809 3387 883 3440 non
898 3365 1016 3454 facio,
1043 3377 1128 3440 curn

58 3475 143 3568 plus
164 3469 212 3543 de
229 3467 448 3542 detrimento
464 3467 540 3559 ejus
558 3468 727 3562 acquiro:
753 3487 832 3543 cunr
854 3463 926 3557 ipse
942 3464 1126 3540 hominem

52 3565 336 3669 -qoodnnmodo
354 3567 584 3642 exhortatur:
616 3567 750 3642 Nosne
771 3564 965 3658 respexeris
987 3565 1125 3657 dicens,

56 3691 123 3766 per
139 3685 182 3744 te
201 3667 289 3744 milri
305 3667 430 3742 melius
446 3664 497 3740 est
516 3667 645 3758 perire.
663 3687 669 3698 ·
702 3665 811 3740 Certe
829 3665 1026 3758 periculum
1049 3665 1125 3753 ejus

25 3811 26 3822 κ
56 3783 179 3864 vanc,
205 3765 373 3857 srsoate,
399 3764 591 3841 onerosum
611 3765 683 3858 est,
710 3787 791 3840 curn
812 3785 923 3857 penes
945 3761 1127 3836 insultatu-

25 3937 26 3942 Ν
49 3883 125 3950 ror
147 3872 192 3946 in
206 3865 391 3960 risiloquip
407 3857 590 3957 consistit,
620 3867 743 3943 rabide
759 3865 903 3956 deuius
918 3863 1020 3939 ruina
1037 3863 1126 3936 alter

25 3951 30 4276 ι
196 4075 200 4080 ¹
562 3965 667 4044 Rra
971 3961 1092 4106 unolz
