2634 4336
166 233 250 336 '418
337 237 387 334 Q.
406 231 542 310 vSuur.
574 229 714 308 Fron.
746 221 1095 306 Teuruttraur

125 427 130 434 ·
175 396 465 474 renuntiatorem
478 393 716 488 dispositionis
733 389 898 466 infernae:
915 391 1014 484 quod
1029 392 1089 466 ¹uel
1106 391 1244 472 tuncli·

146 552 150 560 ι
176 519 261 574 cere
277 495 448 594 potuisset
465 509 508 568 ut
523 495 618 568 Mosr
640 495 673 568 δι
693 493 883 598 i'rophetis
906 491 1127 599 crederetur
1174 496 1244 574 Sed

175 599 240 675 etsi
254 595 421 690 quasdam
439 595 636 670 revocavit
651 595 687 666 in
707 613 864 688 corpora
877 591 947 666 Dei
964 593 1099 690 virtus,
1128 597 1166 671 in
1181 599 1261 683 do,-

176 695 346 775 eumenta
355 697 444 790 juris
462 691 534 788 sui,
558 715 635 768 non
652 690 791 768 idcirco
810 693 1132 769 communicabitur
1146 693 1256 800 fidei·¹

77 885 81 893 ¹
177 799 215 874 δι
227 797 383 872 audaciae
397 793 605 894 Magorum,
619 793 654 868 δι
670 793 818 868 fallacie
833 789 1068 886 somniorum,
1087 793 1121 866 δε
1137 795 1258 872 licen-³

177 899 240 972 tiae
253 909 456 994 poetarum.
484 892 623 986 Atquin
634 896 670 968 in
683 891 948 980 resurreslionis
966 895 1152 988 exemptis,
1163 917 1243 990 cum

167 989 252 1074 'Dei
269 997 401 1089 virtus,
417 993 493 1069 srve
506 1015 572 1090 per
581 993 796 1088 Prophetas,
809 995 882 1067 live
895 1011 959 1086 per
969 992 1159 1088 Christum,
1171 995 1244 1072 sive

172 1106 243 1192 per
254 1092 456 1190 Apostolos
468 1095 505 1168 in
522 1111 680 1199 corpora
692 1093 821 1171 animas
834 1091 1076 1186 representat,
1090 1092 1244 1175 solida&
1262 1122 1271 1143 ·

23 1226 27 1242 ·
96 1255 99 1262 .
179 1191 800 1289 contrellabili,&satiataveritate‚
813 1189 1246 1286 praejudicatumesthano

176 1295 249 1372 eise
271 1295 424 1372 sormam
441 1295 628 1390 veritatis,
651 1303 695 1366 ut
711 1313 855 1368 omnem
868 1305 1097 1369 mortuorum
1111 1294 1244 1372 exhibi-

176 1397 317 1481 tionem
337 1393 604 1486 incorporalem
624 1391 810 1488 prestigias
825 1388 975 1484 iudices.
1256 1421 1277 1455 .·

122 1565 129 1576 ,
252 1505 311 1588 58.
331 1492 468 1569 Omnes
484 1513 574 1592 ergo
592 1493 715 1568 animae
727 1511 837 1586 penes
852 1491 1005 1582 inferos,
1016 1487 1143 1584 inquis.
1170 1496 1247 1574 Ve.

119 1643 127 1660 ι
174 1594 221 1672 lis
244 1615 287 1668 ac
305 1595 402 1668 nolis
424 1591 458 1667 δι
482 1591 651 1688 supplicia
667 1593 739 1690 jam
761 1592 832 1665 illic
851 1591 884 1664 u
904 1588 1107 1688 refrigeria,
1133 1595 1259 1674 haber-

204 1693 426 1789 euperem&
447 1691 617 1770 diuitem:
650 1693 684 1765 δι
710 1694 791 1785 quia
815 1685 929 1765 distuli
954 1689 1074 1764 nescio
1089 1695 1184 1785 ‚quid
1203 1697 1246 1774 ul

98 1819 104 1836 ·
175 1717 272 1870 Kane
284 1810 436 1888 partem,
447 1797 518 1887 jnm
534 1809 720 1890 oportune
732 1793 769 1866 in
783 1791 1132 1868 clausulamreddam.
1173 1795 1245 1872 Cur

176 1896 273 1970 enim
292 1915 369 1966 non
390 1909 496 1986 putes
514 1893 663 1968 animam
680 1887 714 1968 δι
732 1893 848 1986 puniri
872 1891 906 1963 oz
927 1890 1047 1964 foveri
1067 1895 1104 1966 in
1118 1895 1245 1974 inferis

176 1993 321 2076 interim
340 1991 402 2066 sub
421 1991 685 2085 exspectatione
701 1991 888 2082 utriusque
901 1988 1078 2084 iudiciiin
1096 1989 1248 2098 quadam

130 2139 136 2172 r
176 2091 412 2192 usurpatione
431 2093 466 2163 bt
487 2093 636 2165 candida
652 2089 754 2186 ejus?
783 2093 863 2182 quia
882 2089 1016 2166 i'alvum
1034 2091 1146 2166 debet
1161 2095 1246 2195 eise,

175 2191 363 2297 inquispin
375 2190 514 2284 judicio
529 2189 656 2266 diuino
674 2193 860 2288 negotium
876 2189 973 2268 suurn
988 2191 1060 2264 fine
1075 2193 1251 2290 ullaprae,
1271 2201 1277 2215 “

63 2333 67 2351 1
96 2317 101 2364 2
177 2293 355 2368 libatione
372 2289 577 2366 sententiaet
603 2303 678 2366 tum
699 2291 780 2384 quia
798 2291 831 2366 δι
852 2291 966 2363 carnis
980 2289 1182 2388 operienda
1197 2295 1249 2374 est

47 2459 51 2464 .
154 2387 384 2486 restitum,
410 2405 452 2463 ut
477 2391 654 2466 consortis
681 2409 870 2486 operarum
897 2401 1003 2482 atque
1026 2393 1250 2478 mercedum.

178 2491 278 2594 Quid
292 2512 380 2588 ergo
395 2487 459 2564 fiet
470 2493 685 2587 intempore
700 2487 796 2565 isto?
823 2491 1066 2590 dormiemus?
1092 2489 1249 2574 Atenim

105 2611 114 2624 ’
178 2591 427 2680 animaenecin
440 2593 651 2665 viventibus
663 2591 864 2666 dormiunt:
881 2607 1077 2684 corporum
1088 2595 1184 2670 enim
1197 2593 1251 2672 est

176 2687 337 2784 somnus,
348 2711 508 2782 ⁴quorum
523 2688 639 2785 &ipsa
653 2695 848 2764 mors'cum
865 2685 1012 2784 speculo
1028 2684 1246 2774 suosomn0.

176 2787 257 2866 Aut
268 2791 356 2862 nihil
368 2791 424 2862 vis
441 2793 494 2888 agi
505 2791 591 2884 illic,
603 2811 676 2882 quo
687 2787 1060 2867 universahumanitar
1073 2791 1247 2892 trahitur,

177 2911 252 2984 quo
268 2884 343 2982 spes
358 2895 475 2964 omnis
492 2888 750 2982 sequestratur?
767 2889 928 2962 Delibari
940 2905 1045 2984 putas
1052 2892 1246 2992 judicium,

177 3011 224 3064 an
240 2987 374 3082 incipi?
408 2987 644 3084 precipitari,
672 3011 716 3064 an
734 2984 1020 3082 preministraril
1051 2993 1128 3086 Jam
1149 3013 1248 3071 uero

177 3107 283 3184 quam
297 3089 540 3180 iniquissimum
555 3090 661 3162 etiam
672 3091 765 3184 apud
773 3089 927 3182 inferos,
939 3089 962 3161 s1
975 3089 1009 3160 &
1022 3091 1247 3173 nocentibus

177 3187 294 3262 adhuc
308 3185 380 3260 illic
395 3189 490 3260 bene
506 3185 576 3282 est,
600 3189 902 3262 &innocentibus
917 3187 1089 3266 nondum.
1142 3193 1259 3292 Quid*

46 3280 52 3292 '
133 3279 137 3290 “
176 3287 444 3384 ampliationem
460 3287 515 3360 vis
532 3285 602 3360 elle
616 3285 698 3382 post
711 3301 887 3382 mortem,
905 3285 1052 3362 confusa
1069 3289 1128 3385 spe
1145 3293 1182 3366 δι
1193 3295 1250 3380 ¹in·

178 3401 276 3460 certa
293 3385 558 3480 exspoliatione
572 3387 769 3482 ludentem,
782 3409 826 3460 an
838 3389 922 3462 vitae
931 3387 1117 3464 recensum
1125 3390 1251 3483 jam&

178 3486 445 3560 ordinationem
456 3487 579 3580 judicii
591 3483 868 3561 inhorrentem?
899 3485 1035 3582 semper
1048 3504 1170 3564 autem
1185 3513 1251 3566 ex·

177 3583 310 3682 spestat
325 3585 441 3660 anima
453 3607 600 3680 corpus,
616 3601 656 3660 ut
669 3589 793 3661 doleat
803 3601 864 3660 aut
876 3585 1053 3684 gaudeat?
1068 3609 1200 3665 nonne
1215 3593 1253 3668 bt

177 3685 223 3758 de
235 3681 297 3757 suo
309 3681 435 3758 sufficit
449 3687 513 3760 srbi
526 3687 569 3759 ad
581 3699 772 3780 utrumque
785 3685 1132 3781 titulumpaffiomsr
1153 3711 1256 3786 quo·

176 3785 269 3860 tiens
282 3781 392 3856 illaeso
402 3805 561 3880 corpore
572 3789 687 3867 anima
701 3783 775 3860 sola
791 3801 983 3877 torquetur
999 3789 1084 3882 bile,
1098 3789 1166 3881 ira,
1184 3805 1252 3864 tae·

169 3882 239 3956 oio
258 3883 469 3979 plerumque
486 3905 556 3960 nec
570 3885 635 3964 sabi
649 3881 771 3971 notol
793 3887 964 3980 quotiens
980 3885 1068 3964 item
1082 3907 1252 3982 corporo

1026 3991 1031 4001 '
1132 3989 1199 4062 rd-
1231 3987 1240 4006 ·’
