2638 4342
22 3927 24 3996 i

182 170 185 179 ’
290 169 939 274 oriorurrrtr'rre.
1029 196 1250 292 2⁶2³st

80 351 168 450 qtdd
184 365 224 428 te
240 349 452 450 cognovisse
464 349 628 448 interest,
648 369 728 426 eum
743 349 868 428 iisdem
879 351 1047 446 incubas,
1067 349 1143 448 qui

80 453 272 530 bus'retro
293 451 461 548 ignarus?
498 449 600 554 Quid·
613 465 730 526 autem
750 463 788 525 te
810 475 830 526 e
852 451 1012 544 perfeeto
1032 451 1143 530 servo

79 551 154 628 Dei
170 549 335 646 separati
359 550 420 626 An
435 553 522 628 attus
538 553 588 626 est
601 549 756 632 intinctis
770 547 952 644 Christus,
970 550 1064 628 *alius
1081 575 1142 628 au·
1174 573 1177 578 ·

81 649 291 728 dientiburs
316 649 416 726 Num
432 651 509 748 spes
526 652 613 743 ulia,
641 653 703 726 vel
719 669 877 744 merces,
904 653 970 728 ulia
982 649 1141 728 formido

77 749 228 854 judicii,
262 749 330 824 alia
351 751 532 826 necesitas
554 747 797 844 penitentie?
830 751 1031 828 Lavacrum
1053 751 1143 830 illud
1264 753 1268 758 ’

81 847 283 948 otugnatio
303 850 354 924 est
369 847 470 927 fidei:
497 869 574 943 que
589 845 712 924 sidera
756 849 947 924 oenitentiae
964 845 1035 925 fide
1054 845 1145 926 inci·'

78 951 177 1048 pitur
202 947 538 1029 &commendatum
588 945 706 1022 Noni
734 967 781 1024 eo
800 950 997 1042 abluimur,
1023 964 1065 1024 ut
1081 952 1142 1026 de·.

76 1052 242 1143 linquere
262 1048 479 1144 defluamus,
512 1049 679 1142 quoniam
699 1049 774 1142 jnnr,
792 1047 902 1122 corde
920 1049 989 1124 loti
1010 1045 1139 1130 sumus.

77 1141 168 1226 Haec
189 1147 285 1224 enim
306 1149 419 1242 prima
438 1145 612 1222 arrdientis
635 1145 800 1222 intiniiio
822 1147 892 1243 est,
916 1161 1032 1224 metus
1050 1151 1142 1227 inte·

78 1269 153 1348 ger.
216 1245 357 1322 Exinde
377 1246 497 1340 quoad
519 1246 702 1322 dominum
726 1245 895 1344 senseris,
930 1245 1019 1322 fides
1044 1248 1139 1345 sana,

79 1344 299 1424 conscientia
317 1343 422 1421 semel
435 1345 680 1442 penitentiam
694 1347 903 1442 amplexata.
954 1345 1142 1444 Ceterum,

78 1447 163 1526 stab
178 1449 277 1538 equis
292 1467 444 1541 peccare
456 1444 660 1538 desistimus,
675 1445 892 1544 necesitate,
904 1465 981 1522 uon
995 1445 1140 1544 sponte,
1269 1461 1276 1484 ‘

79 1548 328 1624 innocentiam
345 1545 534 1622 induimus.
586 1547 677 1648 Quis
700 1543 788 1644 ergo
809 1545 846 1619 in
866 1547 1030 1622 bonitate
1051 1566 1139 1640 prae.

22 1687 23 1700 t
80 1643 242 1733 cellensi
277 1645 335 1719 cui
356 1645 560 1739 nonlicet,
587 1660 649 1720 aut
665 1645 723 1718 eui
741 1641 900 1738 displicet
922 1645 1018 1720 malo
1040 1645 1138 1724 esses

22 1809 23 1830 ,
80 1749 138 1842 qui
148 1747 316 1842 jubetur,
332 1741 1017 1836 anquideledaturacriminevacarei
1036 1743 1138 1843 Ergo
1267 1741 1270 1746 ’

73 1865 147 1922 uec
165 1845 299 1920 afurto
315 1863 439 1919 manus
456 1849 679 1936 avertamus,
710 1841 773 1918 nifi
792 1843 1024 1920 claustrorum
1044 1845 1140 1920 duri·

78 1947 128 2020 tta
142 1955 345 2042 repugnet:
377 1963 445 2018 nec
462 1945 590 2018 oculos
611 1941 754 2036 astup'ri
770 1941 1067 2038 concupiscentiis
1082 1949 1150 2020 re·¹

76 2039 287 2137 frenemus,
312 2041 375 2118 nisi
396 2066 417 2118 a
438 2042 642 2116 custodibus
667 2061 862 2140 corporum
887 2041 1079 2138 obstrusii,
1109 2041 1139 2123 sr

76 2163 188 2223 uerno
214 2143 363 2218 domino
392 2143 533 2218 deditus
564 2143 770 2236 delinquere
801 2141 964 2236 desinet,
1000 2143 1061 2218 nisi
1084 2145 1140 2218 in·

76 2241 260 2323 tinstione
274 2241 446 2340 alligatus.
498 2239 653 2342 Quodsi
677 2243 803 2334 quiite
820 2239 983 2336 sensen't,
1013 2243 1139 2323 nescio

78 2365 124 2418 un
142 2339 313 2418 intimetur
333 2341 444 2438 magis
464 2337 713 2432 contristetur,
740 2335 839 2432 quod
858 2345 1009 2434 pectine
1029 2343 1142 2418 dete·

76 2445 151 2538 rit,
177 2461 282 2536 qnam
302 2443 471 2535 letetur,
499 2437 598 2533 quod
614 2434 777 2514 evaserit
835 2435 961 2534 Itaque
977 2437 1140 2520 Auden,

78 2555 134 2618 tes
161 2556 290 2638 optare
316 2537 593 2634 induitionem,
627 2555 710 2630 uon,
736 2531 943 2634 presumere
972 2551 1139 2634 oportet.

78 2643 154 2744 Qui
176 2641 272 2719 euim
292 2653 420 2734 optet,
446 2637 623 2714 honorat:
657 2635 717 2732 qui
735 2635 936 2735 presumit,
965 2635 1140 2736 superbit.¹
1170 2711 1175 2726 ,

73 2739 121 2819 ln
139 2741 207 2816 illo
225 2735 466 2834 verecundie,
490 2739 528 2814 in
544 2737 613 2816 isto
635 2737 834 2836 pemientia
856 2754 1013 2836 apparet.
1069 2738 1145 2842 lile.
1211 2781 1214 2786 ·

76 2837 230 2938 uragit‘,
259 2837 494 2936 hicnegligit:
549 2835 616 2914 lile
631 2837 759 2916 mereri
778 2841 900 2936 cupit,
932 2853 969 2912 at
986 2839 1067 2936 hic,
1092 2851 1139 2935 ut

74 2936 265 3033 debitum,
298 2937 359 3014 fibi
382 2935 622 3032 repromittit:
655 2937 717 3012 ilie
738 2935 871 3030 sumit,
905 2937 966 3032 lpie
983 2935 1135 3014 invadit.

75 3041 198 3147 Quem
219 3033 360 3114 censeas
375 3035 595 3134 digniorem,
619 3033 682 3114 nist
703 3035 1003 3136 emendatiorem,
1028 3055 1141 3134 quent

73 3135 379 3230 emendatiorem,
405 3135 466 3212 nist
486 3137 720 3231 timidiorem,
748 3133 935 3210 &idcirco
955 3153 1046 3232 veru
1062 3155 1137 3232 pte,-

72 3237 228 3316 uitentia
239 3233 424 3312 sentium?
448 3231 589 3331 Timuit
603 3235 697 3312 enim
713 3235 828 3310 adhuc
842 3235 1076 3330 delinquere,
1086 3255 1145 3330 ne3

70 3357 153 3416 uon
167 3352 364 3413 mereretur
389 3333 562 3432 accipere.
613 3337 666 3410 At
686 3335 746 3430 ille
769 3331 1026 3432 presumptor,
1052 3355 1142 3430 etim,
1196 3363 1200 3368 ’

69 3437 141 3534 sibi
158 3439 450 3532 repromitteret,
483 3437 625 3511 securus
643 3433 801 3530 scilicet,
831 3436 957 3510 timere
974 3443 1054 3509 non·
1064 3453 1143 3530 po.

69 3541 161 3630 urit:
185 3535 315 3614 srcnec
330 3535 576 3652 penitentiam
587 3536 773 3632 implevit,
794 3535 881 3628 quia
895 3531 1134 3634 instrumento

68 3639 312 3736 penitentie,
330 3630 366 3710 rd
380 3629 452 3727 est,
470 3649 591 3729 metu,
610 3635 735 3712 ceruit
787 3627 1015 3728 presumptio
1030 3633 1134 3726 inre·

69 3733 253 3834 secundia.¹
270 3735 395 3830 portio
412 3731 482 3832 est,
506 3731 609 3808 inflet
623 3735 840 3828 petitorem,
866 3730 1019 3828 despicit
1031 3729 1143 3810 dato.
1211 3767 1213 3783 ι

68 3849 161 3948 run·
203 3833 759 3939 lutmireriteomtntuu·
789 3829 1135 4006 Aeterngubum

983 3949 1083 4006 eea·
