2540 4334
208 261 273 322 ut
305 231 623 326 virorumve
647 235 925 329 Vtunuu'ie.
1053 262 1120 354 99.

54 405 140 504 duod
160 407 370 506 detegantur
391 409 588 506 accersita,
615 409 709 506 quasi
726 411 770 486 ad
786 406 955 506 stuprum.
1007 412 1122 510 Νοι]Ι

51 509 154 585 miuus
180 515 272 583 enim
297 511 331 583 dr
355 513 428 586 hoc
452 514 525 606 pati
544 513 687 589 nolunt.
741 511 875 587 'Omnis
898 514 1098 608 publicatio

50 610 182 704 virginis
200 613 325 702 bone,
351 610 462 706 stupri
484 610 592 708 paffio
614 611 684 707 est,
712 609 879 686 &tamen
894 617 968 687 vim
982 618 1099 690 carnis

49 713 135 802 pati,
159 710 272 784 minus
295 707 365 805 est,
392 711 538 804 quiade
561 709 684 786 officio
704 726 841 785 narurae
864 712 983 790 venit·
1026 714 1100 790 Sed

46 828 119 882 cum
131 805 266 902 spiritus
278 805 350 904 ipse
362 811 522 884 violatur
534 811 570 884 in
587 811 739 908 virgine,
751 809 891 885 sublato
903 815 1099 911 velamine,
1146 878 1149 892 .
1175 891 1177 898 ,

46 907 161 982 didicit
175 913 359 1004 amittere,
379 910 478 1003 quod
495 913 674 987 tuebatur.
723 909 942 1009 Osacrilegae
955 935 1111 1010 manus,

43 1027 115 1099 quae
145 1007 301 1084 dicatum
332 1009 430 1082 Deo·
459 1011 620 1086 habitum
655 1011 844 1087 detrahere
883 1027 1096 1106 potueruut.

42 1107 134 1222 Quid
152 1109 250 1204 prius
272 1109 396 1203 aliquis
419 1109 630 1204 persecutor
652 1109 814 1207 fecisset,
841 1109 867 1186 fi
891 1111 964 1186 hoc
987 1115 1106 1187 avim.
1222 1149 1227 1158 ,

38 1227 116 1302 grue
134 1209 285 1283 elettum
311 1205 564 1306 cogno'viss'et'?
599 1209 797 1286 Denudasti
822 1213 977 1306 puellam
1001 1233 1098 1288 aca-
1224 1292 1231 1316 s

34 1307 136 1479 ἒίῑο,
171 1310 205 1391 dr
227 1321 309 1382 tota
326 1307 400 1406 jam
419 1311 525 1408 virgo
549 1310 610 1384 fibi
635 1307 800 1386 nonest:
836 1313 903 1385 alia
925 1310 975 1384 est
993 1311 1097 1392 fasta.

66 1403 191 1504 xsurge
208 1409 315 1506 igitur
331 1412 485 1505 veritas,
514 1411 655 1503 &quasr
672 1412 716 1484 de
733 1413 905 1506 patientia
926 1431 1097 1508 erumpe3

33 1509 163 1584 nullam
188 1511 284 1582 volo
310 1507 603 1584 consuetudinem
629 1509 840 1606 defendes„
859 1529 940 1586 nam
964 1511 1034 1604 jam
1061 1511 1098 1586 dt

30 1605 88 1680 uta
110 1605 375 1682 consuetudine
400 1609 460 1686 sub
483 1630 552 1703 qua
572 1609 831 1706 te‘fruebaris,
859 1625 1097 1708 expugnatur.

29 1703 85 1778 Te
100 1707 171 1782 effe
187 1707 411 1800 demonstra,
439 1729 515 1802 quo
535 1709 694 1806 virgines·
709 1711 808 1807 tegit.
850 1705 936 1803 *Ipsa
950 1709 1098 1806 scriptu·

27 1825 83 1880 ras
104 1821 187 1883 tuas
213 1809 478 1904 interpretare,
515 1831 600 1902 quas
626 1809 851 1885 cousuetudo
875 1831 951 1884 non
973 1811 1096 1888 novit·

29 1903 63 1978 Si
78 1910 175 1984 enim
190 1905 329 2002 nosset,
354 1929 535 2018 nunquam
554 1907 651 1986 effer.
689 1968 692 1980 ,

95 2033 131 2102 4
161 2011 356 2109 Quatenus
373 2010 554 2084 autemde
572 2008 755 2108 scripturis
779 2007 946 2084 adversus
963 2009 1097 2120 uerita·

26 2119 95 2182 tem
117 2109 364 2208 argumentari
389 2107 612 2184 consuetudo
641 2109 715 2184 est:
750 2107 865 2183 statim
894 2113 1095 2205 opponitur
1172 2199 1176 2204 Ι

22 2207 145 2284 nobis:
179 2211 318 2282 nullam
339 2211 563 2285 mentionem
579 2211 757 2308 virgiuum
777 2211 820 2284 ab
838 2209 1021 2302 Apostolo
1044 2209 1096 2283 fa·

23 2305 133 2401 itam,
159 2310 228 2382 ubi
246 2307 290 2382 de
307 2309 482 2384 velamine
500 2305 672 2404 praefinit3
699 2307 758 2382 sed
775 2321 913 2412 tantum
928 2311 1095 2382 mulieres

20 2407 256 2498 nominatam
283 2429 363 2484 cum
387 2405 596 2482 srvoiuiffet
613 2407 819 2506 &virgines
840 2408 933 2504 tegi,
960 2409 1004 2482 de
1021 2409 1096 2480 vir·
1166 2439 1170 2448 ¹

20 2507 163 2679 Finibus
179 2527 332 2602 quoque
349 2529 430 2583 cum
443 2509 648 2583 mulieribus
660 2507 851 2582 nominatis
866 2505 1095 2603 pronuncias·

28 2625 76 2684 et.
142 2607 354 2708 Quomodo
373 2607 467 2700 illic,
493 2608 628 2703 inquit,
654 2607 715 2681 ubi
734 2607 933 2700 deynupriis
950 2606 1094 2702 trattat,

20 2709 101 2801 quid
125 2700 403 2782 observandum
423 2709 490 2801 sit,
517 2709 624 2783 etiam
652 2709 696 2782 de
722 2709 944 2805 virginibus,
978 2705 1095 2780 decla·

20 2809 96 2884 rat?
134 2809 274 2900 Itaque
293 2827 368 2881 nou
391 2807 571 2882 contineri
597 2831 655 2882 eas
678 2811 756 2905 lege
770 2808 925 2896 ‘velandi
951 2808 1093 2902 capitis,

20 2921 50 2982 rt
69 2931 157 2984 non
185 2907 391 2982 nominatas
411 2907 449 2982 in
468 2909 536 2982 hac
558 2909 658 3004 lege,
685 2909 794 2982 immo
811 2928 855 2982 ex
871 2907 946 2981 hoc
964 2908 1093 3002 velari,

20 3029 78 3102 [ua
93 3019 184 3084 non
198 3007 400 3102 jubentur,
428 3025 503 3099 qua
517 3029 585 3081 nec
598 3008 838 3082 nominantur.
890 3005 1093 3080 sedenos
1141 3080 1144 3092 ,

20 3109 172 3186 undem
203 3109 549 3203 argumentationem
574 3121 836 3200 retorquemus.
897 3105 970 3204 Qui
997 3105 1119 3180 euim'

20 3211 151 3285 'ciebat
178 3209 224 3284 in
244 3207 326 3282 alias
343 3209 528 3302 utriusque
552 3209 691 3304 generis
711 3205 831 3281 facere
853 3203 1091 3300 mentionem,
1157 3237 1159 3243 v

20 3311 168 3410 irginis
194 3305 306 3402 dic0‚
338 3305 576 3406 demolierit,
608 3306 645 3382 id
663 3307 713 3382 est
738 3329 814 3382 nou
833 3303 1007 3402 virginis,
1043 3321 1092 3379 ex

20 3409 127 3486 auss'a
154 3404 424 3500 diffinitionis,
455 3407 494 3480 in
516 3408 592 3501 his,
622 3407 661 3481 iu
684 3409 809 3501 quibus
832 3427 908 3478 non
927 3403 1090 3477 nominat

20 3509 201 3612 irgiuem
223 3527 300 3584 uon
323 3503 457 3582 faciens
480 3505 758 3582 distiudionem:
793 3502 948 3579 ostendit
966 3503 1090 3578 condi·

20 3615 119 3688 iouis
144 3607 464 3685 communionem.
517 3603 694 3682 Caeterum
716 3605 839 3702 potuit
861 3603 919 3678 hic
943 3621 1092 3698 quoque

20 3710 249 3794 oustituere
270 3701 507 3782 differentiam
528 3709 623 3782 inter
638 3706 815 3801 virginem
834 3703 1087 3778 &mulieremr

20 3829 87 3892 tut
120 3811 229 3888 alibi
253 3805 362 3904 dicit,
396 3803 507 3881 diuisa
527 3803 578 3882 est
598 3805 724 3880 mulier
745 3805 779 3878 dt
798 3807 915 3903 virgo.
974 3803 1088 3897 Igitut

20 3937 81 3996 tae
102 3933 206 3993 non
229 3905 347 3986 divite
362 3907 517 3999 tacendo
532 3903 608 4084 ‚·Gin
626 3907 737 3982 altera
750 3905 847 3996 iniitr
878 3923 946 3987 nec
955 3911 1088 4098 gamen

608 4031 630 4086 2
818 4050 822 4060 ·
853 4029 857 4036 ’
979 4017 1037 4076 ota
