2596 4336
311 231 569 290 necnee
604 211 832 294 Cnnrern
1030 237 1136 318 497,

34 373 112 452 Sed
131 391 211 450 non
235 325 302 450 eris
322 373 480 470 sepiens,
506 373 568 450 nist
588 373 714 452 stultus
734 373 857 454 seculo
873 360 1005 472 suerii,
1029 375 1104 456 Dei
1149 438 1155 449 .

34 475 149 554 stulu
164 475 358 552 credendo.
409 479 468 550 An
480 475 564 550 ideo
577 477 750 570 pelliones
765 497 785 550 a
800 476 941 552 Christo
956 499 1032 554 non
1046 499 1102 556 re·
1184 481 1187 489 ’

32 573 189 670 scidisti,
216 577 297 668 quie
315 592 357 650 ut
374 573 575 670 phantasma
590 577 744 650 vacabat
757 575 800 650 ad
816 575 948 654 sensum
968 597 1099 656 earum.

35 675 209 752 Diximus
233 688 334 750 retro
357 697 456 769 aeque
482 675 581 750 illum
605 675 858 751 &nativitatis
882 677 917 752 dt
943 675 1102 754 infantia·

30 775 269 872 imaginaria,
304 775 472 850 &vacua
493 775 644 850 ludibria
663 773 779 850 subire
809 773 972 869 potuisse.
1031 776 1102 854 Sed

29 875 112 969 jein
139 875 195 948 hic
216 873 391 967 responde
408 872 618 950 interfeiior
634 877 808 950 veritatis.
858 873 997 952 Nonne
1013 897 1102 954 vere

34 971 235 1049 audfixu
258 973 455 1050 ennensi
491 997 614 1048 nonne
634 996 723 1050 vere
743 985 929 1070 mortuus,
954 991 997 1050 ut
1011 996 1102 1054 vere
1191 1056 1194 1068 ,

35 1069 262 1148 crucifixus?
285 1095 410 1148 nonne
428 1093 516 1150 vere
529 1073 776 1149 resuscitatus?
799 1074 852 1147 Ut
865 1074 1103 1152 verescilicet

32 1187 219 1251 mortuus.
273 1171 377 1250 Falso
390 1174 512 1248 steterit
526 1177 619 1250 inter
634 1195 702 1250 nos
717 1174 802 1250 scire
817 1173 944 1248 Paulus
963 1189 1107 1252 tanturn
1204 1223 1206 1233 ·

27 1269 275 1348 crucifixum:
308 1271 397 1348 falso
419 1271 594 1367 sepultum
615 1273 781 1370 inpellit,
815 1271 902 1348 salso
924 1272 1104 1350 resuscite·
1230 1349 1233 1354 .

33 1387 118 1448 urm
140 1371 349 1450 inculcavit
406 1371 505 1448 Falsa
525 1372 758 1469 elligitur&
778 1369 866 1448 fides
890 1369 1036 1467 noſtra,
1069 1371 1104 1448 dt

31 1467 246 1568 phantasma
263 1469 314 1547 est
331 1483 451 1548 totum
471 1473 568 1566 quod
587 1469 763 1566 speremus
783 1469 970 1547 rChristo.
1020 1471 1104 1548 Sce-

28 1569 212 1648 lestililme
235 1571 441 1664 hominum,
475 1571 534 1664 qui
558 1571 836 1666 interemptores
859 1569 1004 1646 excusas
1018 1571 1103 1647 Dei.

34 1669 145 1748 Nihil
163 1671 258 1744 enirn
276 1671 319 1746 ab
336 1675 387 1744 eie
401 1669 515 1764 passus
532 1669 583 1746 est
596 1669 778 1764 ciuiuus,
804 1670 830 1746 sr
849 1669 937 1746 nihil
950 1691 1039 1746 vere
1053 1669 1106 1746 est

38 1767 172 1867 pasius.
207 1767 316 1844 Parce
329 1772 443 1844 uoicae
458 1768 529 1866 spei
545 1769 659 1844 totius
676 1771 790 1866 orbis,
804 1769 863 1863 qui
876 1767 1024 1844 destruis
1043 1791 1105 1844 ne·

27 1865 229 1946 eeffariun
248 1869 357 1944 decus
375 1866 470 1946 fidei.
531 1870 787 1966 Quodcunque
810 1867 895 1944 Deo
918 1867 1106 1968 indignum

36 1969 121 2062 est,
148 1969 234 2044 mihi
255 1969 412 2064 expedit.
467 1965 596 2044 Salvus
619 1967 716 2062 surn,¹
747 1969 774 2043 sr
799 1987 876 2044 non
900 1967 1105 2044 confundar

29 2070 91 2148 -de
113 2067 262 2144 domino
286 2089 382 2146 meu.
437 2072 510 2164 ,Qui
529 2095 602 2154 me,
637 2069 783 2162 inquit,
816 2065 962 2166 confusus
981 2069 1105 2163 fuerit,

36 2167 223 2260 confundar
249 2171 289 2245 ds
313 2195 362 2264 egl
389 2173 466 2267 ejus.
532 2167 632 2244 Alias
657 2189 734 2242 non
761 2169 913 2242 invenio
938 2168 1105 2244 materiae

38 2267 291 2364 construente,
324 2289 401 2362 quae
419 2291 477 2344 rne
499 2289 563 2361 per
584 2281 833 2360 contemptum
858 2268 1002 2342 ruboris
1021 2287 1106 2361 pro·

29 2372 157 2460 henr,
182 2369 275 2444 bene
288 2367 551 2464 impudentem,
578 2367 781 2442 &feliciter
799 2365 960 2442 stttltuur:
988 2365 1106 2442 Natus

31 2467 97 2546 est
116 2467 188 2541 Dei
205 2463 325 2557 filiue3
349 2487 426 2542 non
447 2467 582 2564 pudet,
616 2467 697 2558 quir
720 2463 924 2560 pudendum
944 2463 1007 2541 est.
1059 2463 1109 2539 Et

37 2583 211 2647 mortuus
236 2567 290 2642 est
308 2567 380 2642 Dei
402 2563 507 2644 lilius.
565 2565 711 2640 Prorsus
733 2565 904 2640 credibile
922 2563 1000 2659 est,
1026 2565 1109 2658 quia

36 2672 207 2760 ineptum
230 2668 302 2742 est:
338 2666 578 2762 &sepultus‚
610 2663 811 2740 resurrexit.
870 2659 1019 2742 Certum
1042 2661 1106 2759 est,
1169 2737 1171 2744 ,

42 2767 131 2860 quin
157 2767 375 2861 inposlibile.
440 2765 511 2841 Sed
536 2767 613 2842 haec
642 2764 829 2860 quomodo
859 2763 896 2838 in
927 2765 991 2838 illo
1018 2783 1110 2838 vere

41 2879 176 2960 erunt,
200 2867 225 2940 fi
247 2865 320 2960 ipse
334 2865 503 2942 non'suit
521 2887 651 2958 verus,
685 2865 802 2944 srnon
821 2885 909 2937 vere
928 2863 1054 2938 habuit
1071 2864 1110 2936 in

41 2965 83 3042 se
98 2965 195 3058 quod
211 2963 403 3064 ligerem,
429 2966 526 3058 quod
538 2979 761 3056 moreretur,
787 2961 886 3055 quod
900 2959 1107 3060 sepeliretur

40 3065 82 3142 dt
104 3061 399 3140 resuscitaretur?
433 3084 575 3140 carnem
593 3063 727 3138 seilicet
745 3063 837 3136 hene
853 3059 1019 3158 stuprine
1041 3059 1111 3136 sus·

40 3163 182 3259 nisan,
215 3161 345 3242 offibue
367 3161 617 3260 substrudianr,
642 3161 978 3254 perusinorum,
1003 3159 1108 3238 venit

40 3265 264 3361 implerem,
297 3283 376 3358 quae
396 3263 488 3338 nesci
509 3263 543 3338 dt
562 3265 656 3338 mori
678 3256 1110 3354 novit‚.humanuros1ne

40 3363 179 3444 dubio,
206 3379 248 3438 ut
261 3379 379 3440 natum
395 3363 441 3438 de
453 3363 611 3438 homine.
658 3357 1017 3452 Ideoquirnortdis
1033 3359 1110 3434 hec
1170 3359 1174 3372 “
1207 3405 1210 3414 ¹

40 3462 127 3555 est,
163 3463 199 3538 in
224 3462 367 3540 Christo
392 3463 505 3538 horno
532 3463 566 3538 u
593 3457 688 3538 filius
718 3459 884 3536 hominis.
940 3453 1020 3532 Aut
1047 3479 1110 3532 cur

39 3567 163 3643 homo
182 3561 360 3657 Christus,
386 3557 525 3636 &filius
543 3563 717 3652 hominis,
737 3559 762 3634 fi
778 3559 867 3634 nihil
879 3557 1054 3653 hominis,
1075 3555 1111 3632 dt

40 3663 137 3740 nihil
161 3681 207 3736 ex
227 3662 407 3742 homine?
446 3663 508 3736 nist
532 3661 557 3736 st
585 3673 646 3734 aut
673 3659 768 3734 aliud
795 3657 846 3732 est
871 3657 983 3732 horno
1006 3677 1111 3751 quarn

42 3763 155 3865 caro:
181 3776 243 3834 aut
266 3763 405 3838 aliunde
427 3779 513 3851 coro
538 3761 715 3854 hominis,
748 3773 851 3850 quarn
877 3775 923 3832 ert
945 3757 1109 3832 homine:

41 3875 110 3938 aut
130 3860 227 3936 aliud
244 3861 381 3957 Mada,
408 3883 514 3956 quarn
531 3861 658 3938 homo.
709 3860 810 3956 Deus
824 3849 1027 3934 Marcionis
1048 3869 1110 3928 out

86 3957 234 4040 ferredi.
264 3959 354 4040 Ten.
370 3963 417 4042 11.
666 3957 708 4036 Ii
957 3956 1061 4030 iliter
