2586 4334
235 213 325 312 ⁸uu
370 163 891 277 P'orurruurrm
959 239 962 246 .
1025 185 1100 298 619

50 353 97 435 tu
188 354 335 450 ancujus
357 355 488 433 tabttle
509 352 632 435 iidem.¹
690 355 780 433 Hac
803 369 841 431 te
864 352 1101 454 peccatorum

49 455 93 534 flu
127 457 204 533 ‘bus
221 455 391 550 mersum,
409 443 616 554 pr'olevabit
628 455 663 530 dr
675 457 713 530 in
723 469 870 552 portum
884 459 1014 538 divine
1029 459 1100 534 cle·

49 557 182 632 mentire
203 557 410 657 protelabit.
458 555 561 654 Rape
582 556 806 632 occafionetn
830 559 1025 653 inopinatae
1048 559 1100 634 fe·

48 656 212 752 deitatis,
246 672 288 732 ut
302 657 362 731 ille
375 670 417 731 tu
432 656 520 732 nihil
536 656 716 754 quondam
734 675 844 753 penes
859 655 1003 751 Deum,
1033 659 1099 734 nist

44 755 121 856 Μαι
143 759 264 846 situla,
296 755 433 830 &orca
451 760 581 854 puluis,
614 755 826 845 &vasculum
835 757 955 852 figuli,
989 759 1099 832 arbor

50 853 174 932 exinde
194 851 259 930 fias
281 855 365 952 illa,
398 877 476 950 que
494 877 604 952 penes
624 881 724 956 aquas
737 856 878 950 J'erirvr,
903 857 937 935 dt
959 856 1099 950 infodis

44 953 282 1134 didimi
297 954 1109 1156 trattd⁰dtitrftadnttssidn

47 1151 172 1254 ritate,
190 1158 381 1252 poeniteat,
396 1153 543 1249 amasse,
563 1177 641 1247 que
654 1155 757 1235 Deus
770 1173 848 1251 non
864 1171 976 1249 amat,
993 1175 1103 1250 quan·
1137 1177 1140 1184 ’

50 1255 97 1330 do
112 1277 158 1330 ne
172 1277 240 1332 uos
258 1255 398 1347 quidem
414 1255 483 1349 ipss·
495 1254 643 1332 servulis
662 1253 792 1332 nostris
816 1277 876 1348 ea,
903 1257 1028 1348 quibus
1046 1254 1102 1330 of·

49 1355 236 1448 fendimor,
253 1375 328 1428 non
341 1352 452 1430 odisse
469 1355 716 1450 permittimus.
755 1351 925 1449 Obsequii
939 1355 1033 1432 enirn
1047 1372 1102 1428 ra·
1152 1446 1155 1450 ³

50 1455 103 1530 tio
116 1454 385 1532 insimilitudine
398 1455 595 1530 animorum
610 1453 803 1530 constituta
816 1453 876 1530 est.
927 1455 987 1532 De
998 1456 1102 1528 bono

49 1552 707 1751 {atttritidtdtddtddd
729 1553 1131 1748 &nta‘dadtta

49 1751 125 1830 strit
145 1751 307 1928 emptitiis
331 1772 441 1828 unum
460 1753 699 1844 inculcamus,
722 1751 860 1828 bonum
883 1766 990 1848 atque
1009 1753 1128 1848 opti,

47 1873 181 1933 mutue
209 1875 251 1948 e,
265 1851 666 1946 qoodDeus'praecepit.
715 1848 913 1931 Audaciam
926 1851 1103 1944 existimo,

50 1953 208 2030 debono
226 1951 339 2028 divini
354 1951 522 2049 precepti
540 1949 727 2048 disputate.
764 1951 896 2050 Neque
910 1954 1005 2030 enim
1018 1953 1105 2047 noia
1158 1971 1163 1982 ’

7 2048 8 2112 i
50 2055 187 2130 bonum
213 2049 290 2146 est,
322 2051 461 2128 idcirco
488 2049 683 2130 auscultare
710 2049 904 2141 debemur3
939 2047 999 2132 sed
1022 2051 1106 2148 quia

51 2149 151 2230 Deus
175 2151 356 2248 precepit.
415 2149 477 2228 Aa
503 2148 760 2228 exhibitionem
786 2151 971 2246 obsequii,
1004 2153 1107 2248 prior
1166 2180 1171 2191 ·

51 2251 102 2330 est
120 2247 279 2346 maJ'estas
297 2249 427 2328 divine
443 2249 647 2350 potestatis:
670 2252 771 2344 prior
788 2251 840 2326 est
854 2253 1026 2328 autoritas
1044 2251 1108 2328 im·

48 2349 238 2450 perantia,
270 2371 374 2445 quarn
392 2351 525 2428 utilitas
544 2348 743 2439 servientia
799 2349 940 2428 Bonum
962 2348 1014 2430 est
1032 2371 1107 2450 poe·
1218 2361 1227 2380 ⁸

7 2545 8 2548 w
49 2453 189 2544 nitere,
211 2447 369 2528 annoni
394 2449 493 2552 Quid
506 2449 692 2544 revolvis,
712 2445 814 2526 Deus
830 2449 1003 2546 precipit.
1053 2445 1108 2526 At

7 2565 8 2572 ‘
50 2551 226 2629 enimille
244 2568 322 2628 mon
343 2549 505 2648 precipit
526 2559 686 2642 tantum,
710 2545 770 2626 sed
796 2551 903 2631 etiam
926 2551 1116 2628 hortatum¹
1199 2551 1205 2564 '

48 2648 190 2728 Invitat
204 2651 359 2746 premio
381 2648 553 2744 salntem,
574 2647 721 2744 iurans,
748 2649 853 2727 etiam
871 2653 952 2724 vivo
969 2649 1108 2746 dicens,

52 2748 155 2848 rupit
179 2750 275 2825 credi
296 2749 370 2830 nbi.
422 2747 457 2826 0
475 2751 603 2826 beatos
624 2765 777 2841 quorum
799 2747 913 2828 cauffo
931 2747 1034 2828 Deus
1052 2749 1109 2848 ju·

50 2861 119 2928 rat.
174 2847 210 2925 0
227 2847 460 2942 miserrimos,
484 2848 510 2926 fi
527 2849 740 2940 neojur-anti
757 2847 906 2930 domino
921 2851 1110 2930 credimus.

51 2948 169 3052 Quod
186 2947 292 3045 igitur
307 2947 407 3026 Deus
421 2963 612 3046 tantopere
627 2949 875 3044 commendat,
890 2947 1111 3046 quodetiam

49 3047 214 3128 humano
237 3067 341 3126 ruore
360 3047 422 3126 sub
440 3047 662 3140 dejeratione
684 3045 858 3144 restant,
888 3045 1020 3127 summa
1041 3045 1111 3124 uti-
1154 3101 1159 3113 .

52 3167 126 3242 que
144 3147 371 3246 gravitate&
390 3147 532 3248 aggredi
553 3145 780 3226 &custodire
797 3147 990 3242 debemus,
1014 3159 1057 3224 ot
1072 3145 1112 3224 in
1203 3187 1206 3194 .

51 3247 319 3335 asseveratione
340 3247 470 3324 dimne
491 3247 612 3344 gratim
635 3262 907 3344 permanentes,
937 3241 1113 3332 introitu
1229 3273 1236 3286 ·

50 3367 205 3528 wne
221 3349 296 3465 eJur
309 3345 346 3424 aa
361 3347 607 3428 emolumento
620 3345 1018 3452 proiodcpetseverare
1033 3345 1115 3446 poi·

115 3469 175 3528 us.

130 3567 168 3640 s.
195 3545 280 3622 Hoc
292 3547 386 3624 enim
399 3545 504 3642 dico,
521 3547 768 3642 penitentiam
780 3565 937 3644 quaeper
951 3545 1022 3626 Dei
1038 3541 1114 3641 pia·

50 3647 144 3725 tiam
160 3645 299 3727 ostensa
313 3647 347 3723 dc
361 3643 491 3724 indita
510 3647 639 3742 nohis,
663 3649 702 3726 io
719 3652 865 3746 gratiam
881 3667 951 3728 not
966 3647 1116 3726 domino
1188 3671 1193 3682 ·

48 3757 243 3839 revocat,
275 3745 381 3826 semei
399 3747 581 3844 cognitam
598 3759 705 3843 atque
726 3745 917 3843 susceptam
934 3767 1118 3842 nunquam

49 3848 140 3948 post
154 3849 225 3931 hac
235 3847 427 3930 iteratione
442 3842 558 3926 cenni
570 3845 736 3950 resignati
750 3861 935 3949 oportete.
957 3845 1118 4026 jeptqui·
