2586 4334
218 243 280 302 nu
314 223 751 304 nasoraacrroua
785 245 978 306 caruis.
1059 247 1132 326 575

68 387 130 466 nisa
157 407 225 484 per
253 387 400 464 visibilis
422 385 623 464 substantia
651 385 972 466 resuscitationem.
1021 380 1137 464 ”Male

71 487 194 566 Deum
218 503 381 584 norunt,
416 489 575 581 quinon
599 492 852 582 potentillum
876 489 1001 584 posse,
1035 491 1136 581 quod
1233 495 1235 498 ’

69 609 144 664 non
167 599 320 683 putant,
349 589 652 670 dr'tamenlciunt
673 587 850 682 potuisse,
877 589 902 662 sr
925 589 1137 682 instrumen-

69 701 145 764 tum
166 690 319 784 Joannis
340 701 490 766 norunt.
542 688 617 786 Qui
632 691 729 762 enlm
749 691 882 763 animas
906 688 1022 788 adhuc
1042 691 1135 762 solas

69 799 267 881 martyrum
284 785 348 862 sub
366 789 467 861 altari
485 787 710 881 quiescentes
730 784 936 880 conspediui
960 787 1135 880 subdidit,
1231 871 1234 885 ,

68 887 185 984 pollet
201 891 328 981 utique
347 885 380 959 dt
399 885 627 984 resurgentes
647 889 763 960 oculis
783 887 955 962 exhibere
971 887 1044 960 sine
1060 907 1135 960 car-

67 1005 125 1064 ne.
177 987 231 1058 At
246 1009 316 1084 ego
333 987 454 1060 Deum
472 989 570 1060 malo
591 988 761 1081 decipere
778 1005 855 1060 non
868 985 989 1084 polle
1015 985 1059 1060 de
1072 988 1135 1060 sal

60 1087 156 1160 lacla
169 1084 400 1160 solummodo
416 1082 611 1177 infirmum,
630 1105 678 1160 ne
695 1089 799 1160 aliter
813 1085 1034 1160 documenta
1046 1086 1137 1179 prae2
1181 1178 1187 1188 Ι
1225 1085 1262 1183 J

67 1185 191 1262 misrss'e
228 1205 332 1278 quarn
365 1205 442 1259 rem
471 1181 673 1278 disposuisse
706 1186 894 1260 videatur:
923 1185 1004 1259 lmo
1036 1183 1136 1262 neli

68 1285 273 1380 exemplum
295 1280 565 1358 re'surresiionis
583 1285 659 1358 srne
676 1305 785 1360 carne
802 1305 879 1360 non
898 1287 1013 1359 valuit
1033 1285 1136 1360 indu·

68 1403 177 1478 cere,
204 1385 323 1462 multo
347 1387 457 1481 magis
486 1385 750 1478 plenitudinem
774 1384 931 1478 exempli
947 1387 985 1458 in
1008 1384 1136 1476 eadem
1211 1397 1214 1404 '

69 1481 260 1562 substantia
273 1483 446 1558 exhibere
466 1503 543 1560 non
563 1483 678 1578 polit.
730 1485 884 1559 Nullum
900 1505 992 1557 vero
1014 1503 1137 1578 exemp

69 1587 165 1679 plum
182 1586 296 1676 majus
314 1581 365 1656 est
386 1604 458 1676 en,
483 1585 584 1676 cujus
600 1585 806 1680 exemplum
829 1583 891 1659 cst.
944 1585 1064 1674 Maius
1083 1579 1136 1660 est

70 1699 187 1760 autem
212 1684 237 1758 li
257 1686 382 1758 animae
402 1703 484 1758 cum
509 1702 671 1778 corpore
692 1682 995 1758 resuscitabuntur
1012 1687 1051 1758 in
1070 1684 1137 1759 do·

69 1797 278 1871 cumentum
297 1783 550 1876 srne'corpore
565 1781 795 1881 resurgendi,
820 1795 863 1856 ut
881 1797 961 1858 tota
976 1783 1136 1860 hominis

69 1882 156 1958 salus
183 1883 337 1960 dimidiae
357 1885 678 1978 patrocinaretur,
706 1884 851 1976 quando
881 1885 1134 1978 exemplorum
1203 1933 1209 1948 ·

34 1983 235 2063 conditio
257 1981 346 2056 illud
364 1983 488 2075 potius
505 1995 707 2078 expeteret.
759 1983 872 2082 Quod
890 1985 1007 2057 minus
1025 1983 1136 2061 habe
1238 2063 1246 2074 „

11 2096 192 2202 retur,
220 2085 346 2156 animae
355 2081 448 2154 dico
468 2079 577 2155 solius
596 2080 921 2175 resurreblionem‚
948 2085 1052 2158 velut
1071 2103 1136 2181 gu·
1213 2083 1218 2096 ‘

11 2143 157 2259 stum
178 2183 297 2256 carnis
314 2181 422 2254 etiam
439 2179 684 2256 resurredtura
703 2180 792 2256 suo
782 2204 820 2256 m
837 2197 1016 2280 tempore.
1067 2182 1136 2256 slt-

71 2301 138 2374 que
153 2283 247 2357 adeo
261 2270 455 2355 secundum
466 2277 623 2356 nostram
642 2301 721 2356 verr
713 2279 1002 2356 'estimationem
1016 2303 1136 2358 exem·

69 2383 127 2476 pla
143 2383 205 2458 illa
222 2395 452 2456 mortuorum
474 2402 495 2453 a
514 2381 666 2454 domino
682 2379 929 2458 suscitatorum
951 2401 1137 2460 commen·-

69 2480 202 2556 dabant
227 2481 371 2574 quidem
401 2479 631 2554 decernis&
658 2483 786 2569 anime
815 2479 1134 2576 resrrrreilionem,
1231 2475 1240 2487 ”

70 2599 116 2656 oe
144 2583 203 2656 cui
225 2576 425 2656 substantiae
450 2591 643 2696 negaretur
665 2581 739 2654 hoc
765 2581 913 2656 donum.
967 2583 1060 2678 Quae
1080 2577 1135 2654 ta-'

71 2701 152 2756 men
172 2681 339 2774 exempla
355 2701 403 2752 eo
422 2681 540 2754 minus
558 2679 690 2774 aliquid
707 2681 876 2756 edebant.
927 2680 1019 2755 Non
1037 2685 1135 2762 enim

71 2779 292 2880 ingloriam
316 2781 442 2853 necin
463 2781 868 2875 incorruptibilitatem,
902 2779 1018 2856 sedin
1038 2803 1135 2857 mor·
1176 2817 1182 2838 ·

71 2891 143 2956 tem
164 2883 267 2956 aliam
286 2878 560 2974 suscitabantur,
587 2901 691 2974 quam
711 2882 864 2954 ediderit
879 2875 1051 2958 Cniistus.
1120 2931 1124 2940 ·

11 3039 12 3052 i
145 3003 204 3078 39.
238 2975 578 3072 Resurrectionem,
615 2977 813 3074 apostolica
840 3001 985 3073 quoque
1008 2977 1134 3054 instro·

11 3137 12 3140 o
72 3093 190 3156 menta
204 3079 390 3156 testantur
441 3079 537 3156 Nam
554 3079 789 3173 &Apostolis
806 3081 943 3156 nullum
961 3081 1054 3153 aliud
1072 3101 1136 3181 ne·

11 3261 12 3276 p
73 3184 208 3278 gotium
230 3181 300 3256 suit
318 3179 493 3252 duntaxat
501 3179 633 3274 ,apud
654 3179 841 3274 lsraelem,
869 3179 972 3272 quam
996 3183 1134 3255 veteris

11 3277 12 3344 ἶ
72 3281 270 3356 testamenti
294 3279 488 3376 resignandi
516 3279 657 3354 &novi
679 3279 930 3394 consignandi,
959 3279 1133 3372 &potius

11 3377 12 3440 ἶ
68 3378 137 3472 jam
154 3382 259 3456 Dei
248 3403 298 3458 an
307 3377 448 3453 Christo
472 3365 725 3466 concionandi.
774 3379 831 3454 Ita
854 3380 888 3452 dr
913 3381 958 3454 de
981 3377 1135 3454 resurre'·
1203 3429 1212 3460 i

70 3477 189 3556 tuone
208 3483 297 3556 nihil
322 3481 414 3552 novi
437 3480 665 3574 intulerunt,
700 3479 763 3553 nisr
786 3479 885 3572 quod
908 3479 942 3554 dc
967 3479 1105 3574 ipsam
1094 3503 1134 3556 rn

73 3579 218 3674 gloriam
243 3579 369 3654 Christi
391 3582 679 3672 annunciabant,
714 3579 759 3653 de
781 3593 907 3654 cetero
930 3581 1134 3674 simplici&
1221 3657 1224 3670 ,

70 3695 156 3755 nota
172 3683 244 3776 jam
262 3677 333 3754 fide
348 3693 529 3776 receptam
546 3679 617 3754 srne
634 3681 706 3754 ulla
723 3679 901 3772 qualitatis
923 3680 1131 3775 quastione,

70 3775 148 3855 solis
171 3780 431 3878 refragantibus
450 3777 667 3854 Sadducaeis:
702 3776 794 3852 adeo
816 3778 953 3854 facilius
979 3781 1048 3852 suit
1071 3801 1132 3854 ne
1180 3775 1182 3782 ’

68 3883 140 3976 gui
156 3881 196 3961 in
217 3893 338 3964 totum
356 3896 587 3961 marmorum
607 3877 921 3998 resurreibonem,
940 3889 1053 3976 quarn
1071 3883 1133 3955 ali·

564 4045 567 4052 ,
1024 3991 1081 4058 tet
