<?xml version="1.0" encoding="UTF-8"?>
<!DOCTYPE html PUBLIC "-//W3C//DTD XHTML 1.0 Transitional//EN"
    "http://www.w3.org/TR/xhtml1/DTD/xhtml1-transitional.dtd">
<html xmlns="http://www.w3.org/1999/xhtml" xml:lang="en" lang="en">
 <head>
  <title>
</title>
<meta http-equiv="Content-Type" content="text/html;charset=utf-8" />
  <meta name='ocr-system' content='tesseract 3.04.00' />
  <meta name='ocr-capabilities' content='ocr_page ocr_carea ocr_par ocr_line ocrx_word'/>
</head>
<body>
  <div class='ocr_page' id='page_1' title='image "./operaomnia00tertgoog_0545.png"; bbox 0 0 2586 4334; ppageno 0'>
   <div class='ocr_carea' id='block_1_1' title="bbox 202 485 1113 828">
    <p class='ocr_par' dir='ltr' id='par_1_1' title="bbox 202 485 1113 828">
     <span class='ocr_line' id='line_1_1' title="bbox 202 485 1113 664; baseline -0.007 -38"><span class='ocrx_word' id='word_1_1' title='bbox 202 553 251 656; x_wconf 86' lang='lat' dir='ltr'>Q.</span> <span class='ocrx_word' id='word_1_2' title='bbox 287 485 575 626; x_wconf 81' lang='lat' dir='ltr'>surrrnlr</span> <span class='ocrx_word' id='word_1_3' title='bbox 604 531 967 622; x_wconf 73' lang='lat' dir='ltr'>rionnurrs</span> <span class='ocrx_word' id='word_1_4' title='bbox 1033 524 1036 532; x_wconf 83' lang='lat'>&#39;</span> <span class='ocrx_word' id='word_1_5' title='bbox 1071 524 1113 664; x_wconf 80' lang='grc' dir='ltr'> </span> 
     </span>
     <span class='ocr_line' id='line_1_2' title="bbox 296 711 861 828; baseline -0.018 0"><span class='ocrx_word' id='word_1_6' title='bbox 296 711 861 828; x_wconf 73' lang='lat' dir='ltr'><strong>TERTU&#39;LLIANI</strong></span> 
     </span>
    </p>
   </div>
   <div class='ocr_carea' id='block_1_2' title="bbox 84 1087 1112 1437">
    <p class='ocr_par' dir='ltr' id='par_1_2' title="bbox 84 1087 1112 1437">
     <span class='ocr_line' id='line_1_3' title="bbox 84 1087 1085 1295; baseline -0.006 -59"><span class='ocrx_word' id='word_1_7' title='bbox 84 1087 1085 1295; x_wconf 76' lang='lat' dir='ltr'>uusuuuucrronn</span> 
     </span>
     <span class='ocr_line' id='line_1_4' title="bbox 360 1309 1112 1437; baseline -0.001 -15"><span class='ocrx_word' id='word_1_8' title='bbox 360 1309 809 1437; x_wconf 82' lang='lat' dir='ltr'>CARNIS,</span> <span class='ocrx_word' id='word_1_9' title='bbox 1101 1311 1112 1328; x_wconf 76' lang='lat'><strong>&#39;</strong></span> 
     </span>
    </p>
   </div>
   <div class='ocr_carea' id='block_1_3' title="bbox 303 1529 711 1640">
    <p class='ocr_par' dir='ltr' id='par_1_3' title="bbox 303 1529 711 1640">
     <span class='ocr_line' id='line_1_5' title="bbox 303 1529 711 1640; baseline -0.007 -43"><span class='ocrx_word' id='word_1_10' title='bbox 303 1555 306 1560; x_wconf 48' lang='lat'><em>¹</em></span> <span class='ocrx_word' id='word_1_11' title='bbox 459 1529 711 1640; x_wconf 30' lang='lat' dir='ltr'>Lrnntn.</span> 
     </span>
    </p>
   </div>
   <div class='ocr_carea' id='block_1_4' title="bbox 569 1741 601 1801">
    <p class='ocr_par' dir='ltr' id='par_1_4' title="bbox 569 1741 601 1801">
     <span class='ocr_line' id='line_1_6' title="bbox 569 1741 601 1801; baseline 0.031 -1"><span class='ocrx_word' id='word_1_12' title='bbox 569 1741 601 1801; x_wconf 84' lang='lat'>1.</span> 
     </span>
    </p>
   </div>
   <div class='ocr_carea' id='block_1_5' title="bbox 60 1845 1225 2079">
    <p class='ocr_par' dir='ltr' id='par_1_5' title="bbox 60 1845 1225 2079">
     <span class='ocr_line' id='line_1_7' title="bbox 60 1845 1120 2050; baseline 0 -104"><span class='ocrx_word' id='word_1_13' title='bbox 60 1867 226 2050; x_wconf 80' lang='lat' dir='ltr'>Fiducia</span> <span class='ocrx_word' id='word_1_14' title='bbox 237 1850 542 1965; x_wconf 74' lang='lat' dir='ltr'>Christianorum,</span> <span class='ocrx_word' id='word_1_15' title='bbox 560 1867 770 1963; x_wconf 67' lang='lat' dir='ltr'>resurreetio</span> <span class='ocrx_word' id='word_1_16' title='bbox 781 1845 1033 1962; x_wconf 50' lang='lat' dir='ltr'>[mortuorunt</span> <span class='ocrx_word' id='word_1_17' title='bbox 1058 1867 1120 1946; x_wconf 80' lang='lat' dir='ltr'>illa</span> 
     </span>
     <span class='ocr_line' id='line_1_8' title="bbox 135 1967 1225 2079; baseline -0.001 -35"><span class='ocrx_word' id='word_1_18' title='bbox 135 1969 479 2069; x_wconf 79' lang='lat' dir='ltr'>credentes-sumus,</span> <span class='ocrx_word' id='word_1_19' title='bbox 498 1974 573 2046; x_wconf 92' lang='lat' dir='ltr'>hoc</span> <span class='ocrx_word' id='word_1_20' title='bbox 588 1973 885 2055; x_wconf 77' lang='lat' dir='ltr'>credereveritaa</span> <span class='ocrx_word' id='word_1_21' title='bbox 901 1973 1010 2067; x_wconf 81' lang='lat' dir='ltr'><strong>cogit.</strong></span> <span class='ocrx_word' id='word_1_22' title='bbox 1042 1967 1119 2044; x_wconf 88' lang='lat' dir='ltr'>Ve·</span> <span class='ocrx_word' id='word_1_23' title='bbox 1181 2029 1184 2036; x_wconf 72' lang='grc'><em>,</em></span> <span class='ocrx_word' id='word_1_24' title='bbox 1221 2055 1225 2079; x_wconf 27' lang='grc' dir='ltr'>ἱ</span> 
     </span>
    </p>
   </div>
   <div class='ocr_carea' id='block_1_6' title="bbox 59 2069 1118 2245">
    <p class='ocr_par' dir='ltr' id='par_1_6' title="bbox 59 2069 1118 2245">
     <span class='ocr_line' id='line_1_9' title="bbox 59 2069 1118 2245; baseline 0.004 -105"><span class='ocrx_word' id='word_1_25' title='bbox 59 2073 192 2245; x_wconf 43' lang='lat' dir='ltr'>ritate?</span> <span class='ocrx_word' id='word_1_26' title='bbox 204 2069 450 2166; x_wconf 83' lang='lat' dir='ltr'>Deus&#39;eperit.</span> <span class='ocrx_word' id='word_1_27' title='bbox 503 2069 573 2148; x_wconf 84' lang='lat' dir='ltr'>Sed</span> <span class='ocrx_word' id='word_1_28' title='bbox 589 2076 650 2146; x_wconf 90' lang='lat' dir='ltr'>vul</span> <span class='ocrx_word' id='word_1_29' title='bbox 731 2074 882 2165; x_wconf 76' lang='lat' dir='ltr'>inridet,</span> <span class='ocrx_word' id='word_1_30' title='bbox 901 2069 1118 2168; x_wconf 76' lang='lat' dir='ltr'>existimans,</span> 
     </span>
    </p>
   </div>
   <div class='ocr_carea' id='block_1_7' title="bbox 16 2167 1198 2966">
    <p class='ocr_par' dir='ltr' id='par_1_7' title="bbox 16 2167 1198 2966">
     <span class='ocr_line' id='line_1_10' title="bbox 16 2167 1198 2268; baseline -0.002 -22"><span class='ocrx_word' id='word_1_31' title='bbox 16 2237 18 2266; x_wconf 76' lang='grc'><strong>,</strong></span> <span class='ocrx_word' id='word_1_32' title='bbox 62 2169 141 2256; x_wconf 79' lang='lat' dir='ltr'>nihil</span> <span class='ocrx_word' id='word_1_33' title='bbox 170 2167 331 2268; x_wconf 80' lang='lat' dir='ltr'>uperesse</span> <span class='ocrx_word' id='word_1_34' title='bbox 345 2171 428 2266; x_wconf 84' lang='lat' dir='ltr'>post</span> <span class='ocrx_word' id='word_1_35' title='bbox 447 2185 614 2249; x_wconf 84' lang='lat' dir='ltr'>mortem.</span> <span class='ocrx_word' id='word_1_36' title='bbox 698 2188 849 2248; x_wconf 89' lang='lat' dir='ltr'>ttamen</span> <span class='ocrx_word' id='word_1_37' title='bbox 868 2170 1041 2246; x_wconf 73' lang='lat' dir='ltr'>defunilis</span> <span class='ocrx_word' id='word_1_38' title='bbox 1058 2193 1118 2267; x_wconf 65' lang='lat' dir='ltr'>pa,-</span> <span class='ocrx_word' id='word_1_39' title='bbox 1195 2213 1198 2218; x_wconf 91' lang='lat'>·</span> 
     </span>
     <span class='ocr_line' id='line_1_11' title="bbox 16 2271 1118 2366; baseline 0.003 -22"><span class='ocrx_word' id='word_1_40' title='bbox 16 2289 18 2316; x_wconf 68' lang='lat'><em>²</em></span> <span class='ocrx_word' id='word_1_41' title='bbox 59 2286 217 2366; x_wconf 83' lang='lat' dir='ltr'>tentant,</span> <span class='ocrx_word' id='word_1_42' title='bbox 248 2271 285 2343; x_wconf 74' lang='grc' dir='ltr'><strong>ἅ</strong></span> <span class='ocrx_word' id='word_1_43' title='bbox 304 2273 446 2363; x_wconf 78' lang='lat' dir='ltr'>qraidenr</span> <span class='ocrx_word' id='word_1_44' title='bbox 464 2272 706 2366; x_wconf 85' lang='lat' dir='ltr'>impensrffimo</span> <span class='ocrx_word' id='word_1_45' title='bbox 725 2271 847 2348; x_wconf 90' lang='lat' dir='ltr'>officio</span> <span class='ocrx_word' id='word_1_46' title='bbox 866 2289 935 2365; x_wconf 88' lang='lat' dir='ltr'>pro</span> <span class='ocrx_word' id='word_1_47' title='bbox 955 2271 1118 2346; x_wconf 71' lang='lat' dir='ltr'>moribus</span> 
     </span>
     <span class='ocr_line' id='line_1_12' title="bbox 61 2371 1119 2466; baseline 0 -22"><span class='ocrx_word' id='word_1_48' title='bbox 61 2392 199 2464; x_wconf 86' lang='lat' dir='ltr'>eorum,</span> <span class='ocrx_word' id='word_1_49' title='bbox 225 2390 296 2466; x_wconf 83' lang='lat' dir='ltr'>pro</span> <span class='ocrx_word' id='word_1_50' title='bbox 316 2371 540 2464; x_wconf 84' lang='lat' dir='ltr'>temporibus</span> <span class='ocrx_word' id='word_1_51' title='bbox 562 2371 844 2448; x_wconf 78' lang='lat' dir='ltr'>esculentorum:</span> <span class='ocrx_word' id='word_1_52' title='bbox 878 2384 923 2444; x_wconf 85' lang='lat' dir='ltr'>ut</span> <span class='ocrx_word' id='word_1_53' title='bbox 943 2389 1034 2466; x_wconf 80' lang='lat' dir='ltr'>quos</span> <span class='ocrx_word' id='word_1_54' title='bbox 1056 2393 1119 2444; x_wconf 89' lang='lat' dir='ltr'>ne·</span> 
     </span>
     <span class='ocr_line' id='line_1_13' title="bbox 60 2461 1185 2567; baseline 0.006 -23"><span class='ocrx_word' id='word_1_55' title='bbox 60 2483 139 2567; x_wconf 72' lang='lat' dir='ltr'>gant</span> <span class='ocrx_word' id='word_1_56' title='bbox 156 2461 286 2548; x_wconf 86' lang='lat' dir='ltr'>sentire</span> <span class='ocrx_word' id='word_1_57' title='bbox 304 2471 516 2565; x_wconf 80' lang='lat' dir='ltr'>quiequam,</span> <span class='ocrx_word' id='word_1_58' title='bbox 550 2475 657 2548; x_wconf 86' lang='lat' dir='ltr'>etiam</span> <span class='ocrx_word' id='word_1_59' title='bbox 679 2471 876 2548; x_wconf 83' lang='lat' dir='ltr'>desiderare</span> <span class='ocrx_word' id='word_1_60' title='bbox 896 2467 1118 2564; x_wconf 71' lang='lat' dir='ltr'>presumant·</span> <span class='ocrx_word' id='word_1_61' title='bbox 1182 2517 1185 2524; x_wconf 92' lang='lat'>·</span> 
     </span>
     <span class='ocr_line' id='line_1_14' title="bbox 62 2565 1119 2670; baseline -0.001 -27"><span class='ocrx_word' id='word_1_62' title='bbox 62 2569 111 2643; x_wconf 82' lang='lat' dir='ltr'>lit</span> <span class='ocrx_word' id='word_1_63' title='bbox 125 2593 191 2670; x_wconf 83' lang='lat' dir='ltr'>ego</span> <span class='ocrx_word' id='word_1_64' title='bbox 207 2571 319 2668; x_wconf 81' lang='lat' dir='ltr'>magis</span> <span class='ocrx_word' id='word_1_65' title='bbox 338 2571 441 2646; x_wconf 89' lang='lat' dir='ltr'>rideo</span> <span class='ocrx_word' id='word_1_66' title='bbox 465 2573 619 2668; x_wconf 78' lang='lat' dir='ltr'>vulgus,</span> <span class='ocrx_word' id='word_1_67' title='bbox 651 2585 739 2646; x_wconf 91' lang='lat' dir='ltr'>tunc</span> <span class='ocrx_word' id='word_1_68' title='bbox 756 2591 902 2664; x_wconf 85' lang='lat' dir='ltr'>quoque</span> <span class='ocrx_word' id='word_1_69' title='bbox 921 2591 1001 2644; x_wconf 90' lang='lat' dir='ltr'>curn</span> <span class='ocrx_word' id='word_1_70' title='bbox 1021 2565 1119 2665; x_wconf 78' lang='lat' dir='ltr'>ipsos</span> 
     </span>
     <span class='ocr_line' id='line_1_15' title="bbox 62 2661 1119 2770; baseline 0.004 -28"><span class='ocrx_word' id='word_1_71' title='bbox 62 2661 241 2746; x_wconf 73' lang='lat' dir='ltr'>deiunstos</span> <span class='ocrx_word' id='word_1_72' title='bbox 267 2669 477 2748; x_wconf 80' lang='lat' dir='ltr'>atrociffime</span> <span class='ocrx_word' id='word_1_73' title='bbox 502 2671 648 2768; x_wconf 85' lang='lat' dir='ltr'>exurit,</span> <span class='ocrx_word' id='word_1_74' title='bbox 682 2670 1029 2766; x_wconf 85' lang='lat' dir='ltr'>quospostmodum</span> <span class='ocrx_word' id='word_1_75' title='bbox 1055 2691 1119 2770; x_wconf 79' lang='lat' dir='ltr'>gu·</span> 
     </span>
     <span class='ocr_line' id='line_1_16' title="bbox 62 2765 1118 2869; baseline 0.004 -25"><span class='ocrx_word' id='word_1_76' title='bbox 62 2765 211 2847; x_wconf 79' lang='lat' dir='ltr'>loirllime</span> <span class='ocrx_word' id='word_1_77' title='bbox 233 2771 373 2867; x_wconf 88' lang='lat' dir='ltr'>nutrit,</span> <span class='ocrx_word' id='word_1_78' title='bbox 403 2771 528 2846; x_wconf 86' lang='lat' dir='ltr'>iisdem</span> <span class='ocrx_word' id='word_1_79' title='bbox 552 2771 692 2869; x_wconf 81' lang='lat' dir='ltr'>ignibus</span> <span class='ocrx_word' id='word_1_80' title='bbox 715 2773 980 2866; x_wconf 80' lang='lat' dir='ltr'>&amp;promerens</span> <span class='ocrx_word' id='word_1_81' title='bbox 1004 2767 1039 2844; x_wconf 75' lang='grc' dir='ltr'>δι</span> <span class='ocrx_word' id='word_1_82' title='bbox 1062 2767 1118 2848; x_wconf 85' lang='lat' dir='ltr'>of·</span> 
     </span>
     <span class='ocr_line' id='line_1_17' title="bbox 62 2863 1119 2966; baseline 0.002 -24"><span class='ocrx_word' id='word_1_83' title='bbox 62 2863 213 2946; x_wconf 73' lang='lat' dir='ltr'>leniens.</span> <span class='ocrx_word' id='word_1_84' title='bbox 269 2867 490 2966; x_wconf 86' lang='lat' dir='ltr'>Opietatem</span> <span class='ocrx_word' id='word_1_85' title='bbox 504 2871 549 2945; x_wconf 89' lang='lat' dir='ltr'>de</span> <span class='ocrx_word' id='word_1_86' title='bbox 562 2872 774 2947; x_wconf 86' lang='lat' dir='ltr'>cnrdelitate</span> <span class='ocrx_word' id='word_1_87' title='bbox 787 2873 989 2946; x_wconf 88' lang='lat' dir='ltr'>ludenteml</span> <span class='ocrx_word' id='word_1_88' title='bbox 1016 2868 1119 2946; x_wconf 85' lang='lat' dir='ltr'>sacri·</span> 
     </span>
    </p>
   </div>
   <div class='ocr_carea' id='block_1_8' title="bbox 62 2957 1262 3066">
    <p class='ocr_par' dir='ltr' id='par_1_8' title="bbox 62 2957 1262 3066">
     <span class='ocr_line' id='line_1_18' title="bbox 62 2957 1262 3066; baseline 0.006 -26"><span class='ocrx_word' id='word_1_89' title='bbox 62 2957 157 3066; x_wconf 78' lang='lat' dir='ltr'>leae,</span> <span class='ocrx_word' id='word_1_90' title='bbox 185 2965 407 3065; x_wconf 71' lang='lat' dir='ltr'>nominitant,</span> <span class='ocrx_word' id='word_1_91' title='bbox 434 2991 517 3046; x_wconf 89' lang='lat' dir='ltr'>curn</span> <span class='ocrx_word' id='word_1_92' title='bbox 533 2973 696 3048; x_wconf 83' lang='lat' dir='ltr'>crematis</span> <span class='ocrx_word' id='word_1_93' title='bbox 717 2971 880 3046; x_wconf 80' lang='lat' dir='ltr'>cremati</span> <span class='ocrx_word' id='word_1_94' title='bbox 910 2969 1020 3046; x_wconf 83' lang='lat' dir='ltr'>Plane</span> <span class='ocrx_word' id='word_1_95' title='bbox 1036 2991 1122 3046; x_wconf 83' lang='lat' dir='ltr'>curn</span> <span class='ocrx_word' id='word_1_96' title='bbox 1259 2991 1262 3010; x_wconf 89' lang='grc'><em>·</em></span> 
     </span>
    </p>
   </div>
   <div class='ocr_carea' id='block_1_9' title="bbox 62 3063 1124 4042">
    <p class='ocr_par' dir='ltr' id='par_1_9' title="bbox 62 3063 1124 3980">
     <span class='ocr_line' id='line_1_19' title="bbox 63 3063 1119 3168; baseline 0.008 -30"><span class='ocrx_word' id='word_1_97' title='bbox 63 3071 167 3168; x_wconf 75' lang='lat' dir='ltr'>uulgo</span> <span class='ocrx_word' id='word_1_98' title='bbox 182 3072 362 3146; x_wconf 92' lang='lat' dir='ltr'>interdum</span> <span class='ocrx_word' id='word_1_99' title='bbox 377 3069 411 3144; x_wconf 69' lang='grc' dir='ltr'><strong>ἃ</strong></span> <span class='ocrx_word' id='word_1_100' title='bbox 424 3063 599 3165; x_wconf 82' lang='lat' dir='ltr'>sapientes</span> <span class='ocrx_word' id='word_1_101' title='bbox 615 3069 823 3146; x_wconf 87' lang='lat' dir='ltr'>sententiam</span> <span class='ocrx_word' id='word_1_102' title='bbox 842 3071 936 3148; x_wconf 86' lang='lat' dir='ltr'>suam</span> <span class='ocrx_word' id='word_1_103' title='bbox 949 3071 1119 3166; x_wconf 83' lang='lat' dir='ltr'>jungunt.</span> 
     </span>
     <span class='ocr_line' id='line_1_20' title="bbox 62 3159 1121 3268; baseline 0.002 -26"><span class='ocrx_word' id='word_1_104' title='bbox 62 3159 157 3244; x_wconf 85' lang='lat' dir='ltr'>Nihil</span> <span class='ocrx_word' id='word_1_105' title='bbox 176 3167 246 3246; x_wconf 80' lang='lat' dir='ltr'>ell&#39;e</span> <span class='ocrx_word' id='word_1_106' title='bbox 266 3170 545 3266; x_wconf 86' lang='lat' dir='ltr'>postmortem,</span> <span class='ocrx_word' id='word_1_107' title='bbox 574 3163 723 3268; x_wconf 86' lang='lat' dir='ltr'>Epicuri</span> <span class='ocrx_word' id='word_1_108' title='bbox 743 3169 864 3244; x_wconf 86' lang='lat' dir='ltr'>schola</span> <span class='ocrx_word' id='word_1_109' title='bbox 883 3167 944 3244; x_wconf 84' lang='lat' dir='ltr'>est.</span> <span class='ocrx_word' id='word_1_110' title='bbox 976 3204 979 3212; x_wconf 89' lang='lat'>·</span> <span class='ocrx_word' id='word_1_111' title='bbox 998 3169 1063 3244; x_wconf 86' lang='lat' dir='ltr'>Ait</span> <span class='ocrx_word' id='word_1_112' title='bbox 1084 3164 1121 3244; x_wconf 73' lang='grc' dir='ltr'>δι</span> 
     </span>
     <span class='ocr_line' id='line_1_21' title="bbox 63 3259 1120 3368; baseline 0 -26"><span class='ocrx_word' id='word_1_113' title='bbox 63 3259 209 3366; x_wconf 83' lang='lat' dir='ltr'>Seneca,</span> <span class='ocrx_word' id='word_1_114' title='bbox 230 3271 351 3346; x_wconf 87' lang='lat' dir='ltr'>omnia</span> <span class='ocrx_word' id='word_1_115' title='bbox 363 3269 445 3368; x_wconf 84' lang='lat' dir='ltr'>post</span> <span class='ocrx_word' id='word_1_116' title='bbox 457 3285 613 3348; x_wconf 88' lang='lat' dir='ltr'>mortem</span> <span class='ocrx_word' id='word_1_117' title='bbox 628 3267 745 3364; x_wconf 75' lang='lat' dir='ltr'>liniri,</span> <span class='ocrx_word' id='word_1_118' title='bbox 773 3273 880 3344; x_wconf 88' lang='lat' dir='ltr'>etiam</span> <span class='ocrx_word' id='word_1_119' title='bbox 893 3263 1011 3363; x_wconf 87' lang='lat' dir='ltr'>ipsam.</span> <span class='ocrx_word' id='word_1_120' title='bbox 1057 3268 1120 3342; x_wconf 52' lang='lat' dir='ltr'>Sa*</span> 
     </span>
     <span class='ocr_line' id='line_1_22' title="bbox 63 3367 1119 3468; baseline -0.002 -26"><span class='ocrx_word' id='word_1_121' title='bbox 63 3367 104 3442; x_wconf 80' lang='lat' dir='ltr'>tit</span> <span class='ocrx_word' id='word_1_122' title='bbox 126 3369 175 3446; x_wconf 84' lang='lat' dir='ltr'>est</span> <span class='ocrx_word' id='word_1_123' title='bbox 193 3383 337 3466; x_wconf 82' lang='lat' dir='ltr'>autern,</span> <span class='ocrx_word' id='word_1_124' title='bbox 370 3371 396 3446; x_wconf 87' lang='lat' dir='ltr'>ii</span> <span class='ocrx_word' id='word_1_125' title='bbox 415 3391 492 3446; x_wconf 94' lang='lat' dir='ltr'>non</span> <span class='ocrx_word' id='word_1_126' title='bbox 516 3375 635 3450; x_wconf 88' lang='lat' dir='ltr'>minor</span> <span class='ocrx_word' id='word_1_127' title='bbox 657 3371 883 3468; x_wconf 83' lang='lat' dir='ltr'>philosophia</span> <span class='ocrx_word' id='word_1_128' title='bbox 904 3367 1119 3465; x_wconf 59' lang='lat' dir='ltr'>Pythagora</span> 
     </span>
     <span class='ocr_line' id='line_1_23' title="bbox 64 3463 1120 3567; baseline 0.008 -29"><span class='ocrx_word' id='word_1_129' title='bbox 64 3463 328 3567; x_wconf 76' lang='lat' dir='ltr'>&amp;Empedocli</span> <span class='ocrx_word' id='word_1_130' title='bbox 387 3467 458 3546; x_wconf 85' lang='lat' dir='ltr'>Sed</span> <span class='ocrx_word' id='word_1_131' title='bbox 476 3471 655 3548; x_wconf 84' lang='lat' dir='ltr'>Platonici</span> <span class='ocrx_word' id='word_1_132' title='bbox 677 3473 914 3546; x_wconf 83' lang='lat' dir='ltr'>immortalem</span> <span class='ocrx_word' id='word_1_133' title='bbox 930 3471 1078 3544; x_wconf 83' lang='lat' dir='ltr'>animam</span> <span class='ocrx_word' id='word_1_134' title='bbox 1096 3491 1120 3546; x_wconf 80' lang='lat' dir='ltr'>e</span> 
     </span>
     <span class='ocr_line' id='line_1_24' title="bbox 65 3568 1120 3666; baseline 0.004 -26"><span class='ocrx_word' id='word_1_135' title='bbox 65 3571 241 3652; x_wconf 80' lang='lat' dir='ltr'>contrario</span> <span class='ocrx_word' id='word_1_136' title='bbox 264 3574 483 3648; x_wconf 69' lang='lat' dir='ltr'>reclamanti</span> <span class='ocrx_word' id='word_1_137' title='bbox 517 3574 591 3648; x_wconf 88' lang='lat' dir='ltr'>imo</span> <span class='ocrx_word' id='word_1_138' title='bbox 623 3571 738 3646; x_wconf 86' lang='lat' dir='ltr'>adhuc</span> <span class='ocrx_word' id='word_1_139' title='bbox 763 3571 929 3666; x_wconf 80' lang='lat' dir='ltr'>proxime</span> <span class='ocrx_word' id='word_1_140' title='bbox 951 3568 1058 3646; x_wconf 85' lang='lat' dir='ltr'>etiarn</span> <span class='ocrx_word' id='word_1_141' title='bbox 1079 3571 1120 3644; x_wconf 91' lang='lat' dir='ltr'>in</span> 
     </span>
     <span class='ocr_line' id='line_1_25' title="bbox 66 3669 1124 3765; baseline 0.002 -25"><span class='ocrx_word' id='word_1_142' title='bbox 66 3683 214 3764; x_wconf 80' lang='lat' dir='ltr'>corpora</span> <span class='ocrx_word' id='word_1_143' title='bbox 234 3671 463 3746; x_wconf 80' lang='lat' dir='ltr'>remeabilem</span> <span class='ocrx_word' id='word_1_144' title='bbox 485 3669 695 3765; x_wconf 84' lang='lat' dir='ltr'>adfirmant,</span> <span class='ocrx_word' id='word_1_145' title='bbox 729 3673 792 3745; x_wconf 87' lang='lat' dir='ltr'>etfi</span> <span class='ocrx_word' id='word_1_146' title='bbox 816 3673 951 3746; x_wconf 89' lang='lat' dir='ltr'>nonin</span> <span class='ocrx_word' id='word_1_147' title='bbox 979 3669 1124 3763; x_wconf 79' lang='lat' dir='ltr'>eadem,</span> 
     </span>
     <span class='ocr_line' id='line_1_26' title="bbox 66 3767 1121 3866; baseline 0.003 -27"><span class='ocrx_word' id='word_1_148' title='bbox 66 3767 121 3842; x_wconf 81' lang='lat' dir='ltr'>etii</span> <span class='ocrx_word' id='word_1_149' title='bbox 141 3791 217 3844; x_wconf 90' lang='lat' dir='ltr'>non</span> <span class='ocrx_word' id='word_1_150' title='bbox 237 3772 275 3848; x_wconf 87' lang='lat' dir='ltr'>in</span> <span class='ocrx_word' id='word_1_151' title='bbox 297 3773 451 3850; x_wconf 85' lang='lat' dir='ltr'>hnmana</span> <span class='ocrx_word' id='word_1_152' title='bbox 472 3771 745 3864; x_wconf 88' lang='lat' dir='ltr'>tantummodo;</span> <span class='ocrx_word' id='word_1_153' title='bbox 778 3783 821 3844; x_wconf 90' lang='lat' dir='ltr'>ut</span> <span class='ocrx_word' id='word_1_154' title='bbox 838 3767 1058 3866; x_wconf 79' lang='lat' dir='ltr'>Euphorbus</span> <span class='ocrx_word' id='word_1_155' title='bbox 1078 3767 1121 3842; x_wconf 87' lang='lat' dir='ltr'>in</span> 
     </span>
     <span class='ocr_line' id='line_1_27' title="bbox 65 3857 1119 3980; baseline 0.004 -42"><span class='ocrx_word' id='word_1_156' title='bbox 65 3857 980 3972; x_wconf 75' lang='lat' dir='ltr'>Pythagoram,llornerusinpavumrecenl‘eaonrr.</span> <span class='ocrx_word' id='word_1_157' title='bbox 1008 3864 1119 3980; x_wconf 71' lang='lat' dir='ltr'>Certe</span> 
     </span>
    </p>

    <p class='ocr_par' dir='ltr' id='par_1_10' title="bbox 368 3985 1068 4042">
     <span class='ocr_line' id='line_1_28' title="bbox 368 3985 1068 4042; baseline 0.004 -3"><span class='ocrx_word' id='word_1_158' title='bbox 368 3988 373 3999; x_wconf 93' lang='lat'><em>·</em></span> <span class='ocrx_word' id='word_1_159' title='bbox 977 3985 1068 4042; x_wconf 82' lang='lat' dir='ltr'>recr-</span> 
     </span>
    </p>
   </div>
   <div class='ocr_carea' id='block_1_10' title="bbox 0 0 1305 4334">
    <p class='ocr_par' dir='ltr' id='par_1_11' title="bbox 0 0 1305 4334">
     <span class='ocr_line' id='line_1_29' title="bbox 0 0 1305 4334; baseline 0 0"><span class='ocrx_word' id='word_1_160' title='bbox 0 0 1305 4334; x_wconf 95' lang='lat' dir='ltr'> </span> 
     </span>
    </p>
   </div>
  </div>
 </body>
</html>
