2638 4342
101 143 179 237 678
243 141 292 240 Q.
318 133 626 232 Suamston.
652 133 1021 212 Tearuttrnerr
1107 173 1139 220 ,-

156 323 189 390 5.
205 289 293 376 Hoc
309 298 414 374 decet
430 288 518 396 ergo
533 297 671 390 Deum,
698 297 850 394 caligine
865 297 989 372 ludere
1008 293 1146 392 suasos,

103 399 276 478 Mentiri,
301 398 424 492 nefas,
450 409 512 472 aut
527 397 710 472 hominem
726 395 763 470 se
781 397 901 472 dicere
918 395 1033 486 salsos
1168 423 1172 436 ·
1282 416 1290 441 ¹

103 501 294 590 Portatur,
322 499 501 594 graditur,
526 496 696 590 vestitur,
720 499 791 572 rite
809 495 972 589 quiescit,

104 596 314 692 Tradetur,
339 599 494 694 patitur,
520 595 762 690 suspenditur,
790 595 1023 692 &sepelitur,
1137 675 1141 684 ,

106 690 240 776 Omnia
254 697 335 774 sunt
349 695 524 790 hominis,
551 714 628 788 quae
642 695 761 772 seruo
778 697 816 772 in
833 713 991 791 corpore
1012 693 1162 772 versans

102 797 284 892 APetre,
310 797 396 872 Deo
417 817 507 870 vero
526 793 665 888 missus,
692 796 750 888 qui
769 795 897 871 cunita
914 795 1067 888 creavit,

25 981 30 990 ,
104 899 262 974 Perfecit
281 898 449 992 proprie,
475 893 557 988 sua,
583 917 660 972 non
678 895 793 971 aliena
807 895 1025 985 requirens..

107 997 284 1094 Cognitus
302 993 378 1091 ipso
397 1015 528 1089 opere,
555 995 698 1088 populis
718 993 938 1088 sperantibus
958 993 1062 1087 olim,
1174 1085 1178 1093 ἱ

67 1145 76 1163 .
105 1099 245 1189 Perque
263 1096 524 1191 Prophemrunr
542 1115 676 1170 vocem
693 1095 888 1180 norissimus
902 1093 1009 1170 orbi:-
1087 1112 1094 1122 ·

105 1195 158 1275 Et
172 1217 269 1270 nunc
287 1213 463 1273 errantem
479 1193 669 1268 manifesto
682 1197 719 1269 in
734 1196 855 1268 limine
869 1194 998 1266 mortis
1176 1265 1179 1270 .

105 1297 278 1394 Ignotum
299 1295 505 1370 Dominum
516 1309 700 1386 querunt,
727 1307 927 1385 notumque
949 1293 1179 1384 relinquunt.

110 1399 279 1492 Quorum
296 1393 378 1470 falsa
394 1392 504 1486 fides,
531 1393 635 1470 salsus
651 1395 775 1486 Deus,
800 1395 900 1468 irrita
918 1411 1071 1485 merces,

107 1495 208 1572 Falsa
220 1493 450 1588 resurredio,
476 1493 604 1568 mortis
617 1493 774 1566 devisiio
790 1492 885 1582 falsa,
1169 1553 1172 1560 -

107 1593 287 1686 Martyria
305 1587 489 1686 &vacua,
516 1592 693 1669 &Christi
710 1615 855 1687 quoque
868 1613 1003 1668 nomen
1020 1591 1144 1696 inane,

110 1698 232 1790 Quem
250 1695 394 1790 magicae
408 1693 707 1769 nobulaesrmilem
726 1691 860 1772 venisse
880 1695 1073 1785 ducents,

63 1793 67 1801 ’
108 1791 327 1870 Mendacem
342 1792 422 1866 sadi
444 1793 628 1870 dementes
645 1792 713 1866 esse
731 1793 908 1868 fatentur:
1033 1807 1035 1814 '

70 1987 74 1992 Ι
109 1893 363 1986 Nequidquam
381 1891 531 1986 passum,
559 1895 732 1988 populum
752 1895 822 1968 fine
841 1894 988 1968 crimine
1005 1888 1143 1967 Nouum:

110 1993 171 2068 Sic
189 2013 303 2068 verax
321 1992 444 2086 Deus,
476 1993 512 2067 hi
530 1991 695 2069 Domino
712 1993 917 2068 referuntur
929 1989 1123 2077 bonores'i

108 2093 196 2178 Heu
210 2089 324 2165 miseri
339 2094 448 2186 gratis
461 2091 597 2188 ingrata
614 2106 733 2182 morte
749 2091 938 2191 pe'rernpti,

112 2191 186 2292 Qui
203 2211 301 2264 oaeco
320 2189 411 2266 duce
431 2191 630 2285 praecipites
646 2191 684 2267 in
700 2190 790 2276 fossa
808 2191 940 2284 mistis,
1007 2249 1010 2256 .

109 2291 161 2365 Et
177 2289 334 2366 velutin
349 2289 482 2364 somnis
499 2289 651 2366 thesauri
667 2311 815 2368 munere
833 2292 936 2366 dives

110 2389 280 2491 Exultat,
307 2391 542 2483 manibusque
559 2405 685 2485 tenet,
712 2394 771 2486 spe
787 2391 880 2466 lusus
897 2390 1014 2486 inanit

111 2489 269 2586 Decepti
287 2511 438 2564 vacuam
459 2492 603 2586 speratis
621 2494 777 2569 muneris
794 2493 963 2568 umbram.

162 2593 196 2664 6.
224 2589 283 2664 Ah
300 2591 432 2682 tabidi,
450 2590 584 2682 nnus,
610 2591 796 2666 funestave
811 2591 927 2686 praeda
943 2589 1126 2686 maeonis,

77 2755 88 2770 ,
113 2687 270 2782 Speratis
289 2711 356 2783 pro
376 2711 465 2784 pace
479 2704 599 2763 truces
618 2691 811 2770 homicidia
822 2691 965 2782 blanda,
1086 2702 1091 2714 ·

1 2792 2 2800 '
114 2785 269 2862 Audetis
286 2790 429 2882 culpare
446 2787 585 2880 Deum,
611 2793 672 2884 qui
686 2803 786 2865 tanta
803 2787 1044 2866 creaviti-
1151 2867 1154 2870 ,

112 2885 157 2964 Iu
177 2887 276 2979 cujus
296 2889 423 2981 terris,
451 2889 559 2963 nimia
571 2891 710 2984 pietate
725 2890 884 2986 profuse,
1006 2907 1008 2912 '

22 3032 25 3043 ·
114 2985 369 3082 Immemores,
394 2991 492 3084 large
509 2989 658 3064 laudatis
675 2991 771 3075 dona
787 3005 950 3084 ruentes,

114 3085 232 3180 Ipsum
249 3086 421 3184 faetorem
437 3090 662 3184 reprobatis,
688 3091 1006 3185 fauaprobanteq

114 3181 304 3260 Artificem
321 3189 464 3282 mundi,
492 3191 641 3282 cujusne
660 3210 753 3286 opus
770 3191 850 3266 estis
869 3191 904 3264 δι
920 3187 1012 3284 ipss?

117 3285 193 3386 Qui
207 3287 314 3360 nobis
331 3309 478 3384 magnos
494 3289 615 3384 parvis
632 3291 788 3364 donavit
802 3292 980 3384 bonores,

116 3383 284 3461 Prosevit
303 3385 446 3484 fruges,
474 3388 634 3466 animalia
652 3390 779 3464 euntia
794 3389 946 3487 subegit,
1096 3425 1099 3432 ⁴

117 3479 305 3579 Tempora
321 3487 381 3580 qui
397 3487 504 3562 certis
520 3485 703 3564 foemndat
718 3490 894 3568 mensrbus
908 3489 1003 3569 enni»

116 3581 323 3679 Dulcores,
348 3597 459 3679 potus
477 3586 626 3686 uarios,
652 3591 802 3688 pingues
821 3588 1025 3682 madores,

118 3679 304 3780 Jucundos
319 3681 451 3779 flores,
474 3705 735 3784 nemorumque
748 3691 957 3764 umbracula
969 3699 1083 3786 grata,

125 3777 307 3858 Mirificos
328 3785 457 3860 tribuit
473 3783 601 3863 succos
616 3788 833 3885 pubentibus
847 3789 983 3884 herbis,

1034 3887 1132 3967 Fou-
1252 3990 1260 4009 ι
