2634 4336
175 185 250 268 374
316 161 366 260 Q.
391 155 527 238 Stet.
551 157 698 286 iiten
721 146 1095 276 Ttnrutcrnrtr

175 324 220 406 ᾱ
233 325 358 442 preficit
370 323 500 438 pistilm
513 331 628 406 marie.
671 321 774 400 Nihil
787 323 937 417 mirum,
956 317 1184 418 repromiffio
1199 315 1257 402 ib·

175 439 325 606 ‚genisii
339 421 532 623 gffifiie,
556 543 655 598 nunc
671 535 778 600 vetus
795 491 1024 616 sermo'apud
1037 521 1258 600 memoriam

41 679 49 688 ·
179 625 342 709 Platonis
365 623 409 698 de
430 623 626 698 animarum·
637 625 829 718 reciproco
846 621 1019 714 discursu,
1044 620 1144 715 quod
1163 621 1292 698 itinct

170 727 357 809 pheuntes
373 738 458 800 eant
472 723 577 816 illuc,
604 723 770 798 &ritrsus
790 724 862 797 huc
881 724 1032 798 veniant
1051 723 1087 798 dt
1103 720 1258 814 vivant,

183 827 221 904 dt
240 826 370 900 dehinc
389 847 410 900 e
431 825 509 898 vita
524 823 674 899 abeant:
705 825 823 900 rursus
848 843 894 898 ex
913 823 1068 898 mortuis
1087 819 1180 895 effici
1195 821 1258 894 vi·

181 925 286 1002 vos?
321 923 582 1020 Pythagoricus
607 937 648 996 ut
669 925 803 998 volunt
827 923 969 1014 quidam
991 923 1161 1013 divinus,
1186 919 1259 996 Al·

127 1033 131 1045 ¹
181 1027 260 1104 bini
277 1037 320 1100 ut
335 1021 520 1118 existimo,
540 1037 601 1096 aut
614 1021 788 1098 Mercurii
805 1021 953 1100 sorsum
969 1019 1153 1120 Aegyptii.
1180 1018 1260 1094 Sed

181 1127 303 1204 nullus
326 1118 440 1198 sermo
461 1123 604 1198 divinus
623 1125 685 1200 nist
704 1123 774 1198 Dei
795 1123 923 1216 unius,
950 1143 1023 1216 quo
1043 1119 1256 1214 Prophetae,

185 1247 262 1320 quo
279 1221 470 1320 Apostoli,
497 1243 571 1316 quo
592 1221 665 1317 ipse
680 1223 837 1298 Christus
857 1223 1036 1300 intonuit:
1059 1222 1178 1296 multo
1193 1239 1259 1296 an·

180 1325 323 1419 tiquior
337 1319 489 1416 Moyses
512 1323 618 1398 etiam
635 1323 793 1397 Saturno
810 1323 1005 1422 nongentis
1026 1321 1171 1396 circiter
1194 1339 1259 1394 an·

184 1428 263 1518 nis,
288 1422 419 1497 nedum
432 1424 696 1520 pronepotibus
709 1423 808 1518 eius,
833 1437 934 1498 certe
947 1421 1105 1498 divinior
1118 1421 1258 1514 multo,

186 1526 249 1620 qui
270 1519 435 1610 decursus
458 1524 597 1619 generis
619 1523 764 1598 humani
784 1525 828 1596 ab
846 1523 1001 1598 exordio
1023 1519 1147 1596 mundi
1164 1539 1259 1612 quo·

13 1711 15 1726 ,
76 1675 81 1687 ,
188 1646 260 1720 que
283 1635 348 1718 per
369 1623 518 1720 smgulas
541 1623 750 1698 nativitates
772 1623 992 1699 nominatim·
1006 1619 1262 1717 temporatim·

187 1721 259 1820 que
279 1721 435 1822 digessit,
471 1721 551 1796 satis
572 1725 731 1816 probans
750 1723 975 1798 divinitatem
996 1721 1118 1814 operis
1138 1737 1185 1792 ex
1203 1717 1259 1792 di·

13 1785 17 1820 ᾗ
116 1815 122 1832 ’
187 1825 381 1909 vinctione
406 1823 526 1898 vocis.
575 1822 611 1895 si
636 1839 731 1898 vero
752 1822 889 1898 Samius
902 1819 1080 1917 ,sophista
1107 1817 1256 1894 Platoni

188 1921 317 2008 attdlor
338 1921 389 1998 est
410 1923 602 1998 animarum
619 1923 664 1996 de
683 1921 891 1998 recidivatu·
903 1919 1100 1996 revolubili
1117 1917 1257 2013 semper

189 2025 395 2108 exaltemus
417 2035 645 2099 mortuorum
669 2037 778 2114 atque
801 2023 1005 2100 viventium
1027 2015 1257 2114 suffediione,

67 2185 72 2196 .
190 2135 292 2198 certe
316 2121 377 2201 ille
401 2120 624 2220 Pythagoras
651 2120 714 2198 etsi
738 2121 858 2204 bonus
882 2137 1031 2218 cetera,
1069 2133 1191 2198 tamen
1214 2131 1259 2193 ut

188 2223 285 2299 lrcnc
301 2217 513 2308 sententiam
529 2219 748 2316 exstrueret,
768 2243 845 2298 non
861 2222 958 2317 wrpi
972 2219 1109 2314 modo,
1129 2237 1260 2296 verum

179 2323 308 2414 ctiam
323 2321 517 2401 temerario
543 2321 732 2398 mendacio
753 2321 928 2402 incubuit
984 2315 1178 2420 Cognosce
1197 2315 1260 2412 qu

189 2420 327 2516 nest-is,
354 2421 388 2498 sc
410 2421 519 2499 crede
534 2419 738 2496 nobiscum:
766 2437 921 2499 mortem
935 2421 1093 2515 similat,
1120 2418 1259 2494 subter.

27 2548 34 2559 ·
92 2561 96 2569 ·
189 2543 304 2600 raneo
327 2521 466 2616 latitat,
497 2519 660 2616 septenni
677 2521 713 2597 se
730 2521 803 2596 illic
823 2523 995 2616 patientia
1014 2521 1179 2613 damet,
1202 2519 1259 2592 in-

190 2633 295 2702 terea
317 2643 394 2716 quae
420 2620 465 2696 de
488 2619 638 2718 posteris
662 2619 836 2696 defundis
853 2621 898 2698 ad
911 2621 1155 2698 fidemrerum
1172 2614 1261 2694 esset

189 2721 393 2813 relatiuis,
423 2721 466 2796 ab
482 2720 590 2798 unica
605 2719 747 2796 conscia
763 2721 797 2796 dt
815 2719 972 2802 ministra
991 2735 1106 2798 matre
1122 2739 1261 2818 cogno·

190 2818 276 2898 seit:
301 2836 343 2894 ut
364 2819 444 2896 satis
464 2819 526 2895 libi
549 2819 645 2902 visis
666 2820 717 2896 est
741 2823 1005 2915 corpulentiam
1028 2812 1259 2918 interpolasse

192 2919 239 2998 ad
256 2941 403 2999 omnem
419 2921 554 2996 mortui
576 2921 711 2996 veteris
727 2921 943 3018 horrorem,
969 2921 1015 2997 de
1029 2919 1150 3014 adytis
1160 2917 1260 2994 salin·

192 3020 259 3098 cio
280 3022 452 3120 emergit,
477 3033 519 3096 ut
540 3021 584 3094 cb
602 3019 727 3096 inseris
750 3019 922 3102 reddittu.
974 3023 1067 3123 Quis
1089 3039 1167 3094 non
1185 3039 1260 3094 cre·

191 3119 297 3196 deret
311 3120 480 3196 revixisse
496 3141 602 3213 quern
621 3117 821 3194 crediderat
837 3120 976 3198 obiss‘ei
1008 3119 1156 3195 audiens
1172 3119 1260 3212 prae‘·

191 3218 374 3299 sertimab
387 3243 434 3294 eo
450 3239 527 3313 que
543 3219 588 3294 de
602 3218 754 3312 posteris
770 3223 923 3300 mortuis
936 3220 999 3298 nist
1013 3219 1108 3316 apud
1121 3217 1259 3294 inferos

192 3337 271 3399 non
294 3321 481 3394 videretur
504 3317 725 3416 cognoscere
746 3319 931 3416 potuisse,¹
963 3319 1011 3396 lic
1037 3341 1084 3396 ex
1105 3317 1258 3396 mortuis

191 3419 306 3494 vivos
329 3419 421 3496 effici
442 3415 562 3504 senior
586 3415 702 3494 sermo
733 3417 794 3496 est.
852 3422 952 3518 Quid
976 3421 1073 3498 enum
1098 3417 1125 3494 st
1149 3417 1186 3492 dt
1206 3417 1258 3512 iu·

191 3517 310 3600 nior?
344 3517 476 3613 Neque
502 3518 636 3594 veritas
661 3515 836 3597 desiderat
865 3517 1110 3614 vetustatem,
1143 3537 1258 3610 neque

189 3615 418 3694 mendacium
438 3615 578 3692 devitat
600 3617 864 3696 novellitatem.
915 3619 1048 3694 Teneo
1069 3619 1176 3714 plane
1196 3617 1257 3692 sal·

53 3717 55 3722 '
192 3713 268 3792 sum
289 3717 503 3808 antiquitate
521 3715 755 3814 generosum
783 3719 903 3812 quidni
918 3717 1065 3813 salsum,
1092 3718 1192 3812 cujus
1207 3729 1258 3792 te·
1302 3717 1303 3720 ‘

164 3899 166 3904 .
191 3813 398 3904 dimomum
422 3837 570 3914 guoque
593 3833 642 3896 ex
658 3815 748 3896 fdso
771 3817 853 3907 esti
868 3929 876 3938 N
889 3815 1096 3952 Quomodo
1117 3815 1257 3994 ciceiam
