2638 4342
431 157 769 238 cucurum
872 114 875 122 ‚
996 159 1127 260 ,dm

63 313 218 412 omnia,
243 337 322 413 quo·
340 320 457 394 veteri
476 317 522 402 de
539 319 826 410 scederecunque
845 315 1006 412 locutor,

61 415 165 492 Dura
181 417 350 494 videntur
367 419 442 499 eis,
472 421 626 511 merito,
655 420 738 511 quia
755 416 867 492 corde
883 415 1041 512 gravatis

62 515 209 592 Pondus
227 517 484 614 apostolicum,
510 519 681 615 fulgentis
696 519 808 616 gretia
825 515 943 608 verbi,
1070 515 1074 524 “

62 615 217 692 Lumina
230 619 403 714 producit
418 620 549 712 menti,
576 636 693 712 nequo
713 635 861 690 cernere
877 613 1043 710 posiunt3

62 715 198 812 Spiritu
216 719 287 792 iata
307 731 436 811 putant
450 719 622 812 hebetes,
649 717 810 816 animalia
828 716 944 812 digna.
1119 776 1121 785 .

114 837 146 892 2.
163 813 234 892 Sed
242 835 327 910 vos,
343 819 402 910 qui
413 817 574 894 nondum
582 819 738 912 penitus,
751 817 841 890 duee
858 815 1006 892 nomine
1021 811 1123 914 saiso,

61 913 192 990 Mente
209 915 280 1011 ipsa
297 918 464 1012 reprobi,
490 915 698 1012 penetrastis
717 915 760 990 nd
773 916 897 990 intima
911 915 1054 1010 mortis,
1105 1003 1109 1012 ι

62 1012 201 1090 Discite
219 1018 264 1092 de
278 1017 384 1092 fonte
397 1017 551 1093 fluvium
565 1037 707 1092 manare
721 1035 931 1110 perennem,

62 1114 138 1289 3ξί
152 1119 267 1190 nutrit
279 1117 434 1214 lignum,
455 1115 614 1192 bissenos
629 1117 742 1212 gratia
755 1113 903 1192 fructus,

21 1217 22 1232 ²
121 1209 1118 1312 u&mwmmummwfflmwmmmffl‚.

62 1311 235 1388 Totfiuit
251 1317 288 1388 in
304 1331 424 1410 partes
438 1317 553 1390 sontis
574 1313 845 1408 colorusapor
859 1334 965 1390 unus.
1169 1325 1172 1332 '

63 1411 124 1488 Sic
140 1413 174 1488 u
189 1415 391 1509 apostolico
412 1417 570 1491 decurrit
583 1415 742 1492 Ecclesia
755 1415 888 1506 verbo,

63 1511 248 1590 Exotero
269 1513 416 1608 Christi,
441 1515 554 1589 Patris
575 1515 692 1590 omnis
711 1515 828 1610 gloria
846 1513 966 1609 piene,

64 1611 197 1688 Sordes
213 1613 369 1708 diluere,
392 1615 514 1690 &fata
530 1629 675 1690 mortua
690 1611 890 1686 vivificare.
916 1659 917 1666 κ

64 1713 252 1888 Fquattuor
271 1714 474 1803 innumero
493 1713 655 1790 diffusum
674 1715 711 1786 in
730 1714 895 1810 gentibus
913 1731 1026 1788 unum

98 1811 258 1906 retiaque
278 1811 350 1888 fide
365 1812 584 1910 susceptum,
612 1811 741 1888 dostor
758 1815 899 1906 opimus
1155 1905 1160 1910 Ι

62 1911 192 1988 Tradit
208 1909 444 2009 Evangelium
460 1913 610 2007 Paulus,
636 1913 710 1988 sme
726 1912 874 1988 crimine
890 1909 1075 2008 mundum,

61 2009 198 2106 Abque
215 2013 289 2087 hoc
304 2013 338 2086 dc
354 2007 498 2102 Galatae
514 2015 633 2088 vetuit
649 2013 827 2088 discedere
842 2007 994 2108 saucios,

63 2114 172 2212 Quos
191 2109 265 2188 suist
282 2109 410 2188 fratres
432 2114 466 2189 se
484 2113 739 2190 circumcidere
756 2111 889 2206 masos,
943 2183 952 2204 ‚
1073 2203 1076 2210 Ι

61 2209 190 2305 Atque
205 2213 382 2288 clementa
401 2212 517 2306 sequi,
542 2235 643 2288 nova
659 2215 829 2288 libertate
841 2209 975 2310 relide,

61 2309 202 2386 Umbra
216 2311 424 2388 futurorum
439 2313 557 2388 veteri
572 2313 705 2388 servire
721 2311 913 2390 docebant.

62 2409 141 2486 Hes
156 2411 283 2486 habuit
300 2411 436 2490 Galatis
457 2409 575 2486 causas
594 2410 822 2488 conscribere
838 2411 983 2508 Paulus,
1008 2469 1010 2478 .

60 2507 156 2585 Non
175 2525 218 2583 ut
236 2507 424 2609 Evangelii
438 2523 577 2607 purtem
599 2533 668 2608 pro
687 2531 847 2606 corpore
866 2525 952 2586 toto

61 2605 287 2704 Exciperent
306 2611 504 2708 modium,
531 2613 658 2708 majori
675 2625 778 2706 parte
794 2609 930 2706 relicta,
977 2661 982 2680 ,

59 2705 190 2801 Atque
205 2709 296 2784 adeo
314 2731 391 2786 non
410 2715 524 2788 verba
546 2713 648 2806 libri,
675 2709 735 2792 sed
750 2709 868 2792 missus
883 2711 921 2790 in
936 2710 1065 2788 orbem

60 2807 81 2885 1
107 2806 339 2890 securium,
365 2809 602 2908 Evangelium
617 2813 689 2906 est,
713 2813 739 2888 sr
758 2833 907 2888 cernere
923 2813 1050 2906 vultis,

117 2907 223 2984 Patre
240 2909 300 3002 qui
321 2911 443 3005 venit,
469 2912 564 2986 solus
584 2915 681 2988 bona
694 2913 826 2988 nuncia
838 2925 1003 3006 portant,

60 3005 272 3084 Testificata
285 3009 404 3104 prius3
434 3011 534 3104 cuius
551 3012 676 3110 ingens
691 3011 807 3110 gloria
822 3012 996 3106 complet,
1113 3089 1121 3098 ,

63 3103 268 3182 Ostendens
284 3129 420 3205 opere,
447 3124 599 3204 quantos
614 3109 658 3186 s1t
672 3110 844 3186 conditor
860 3110 971 3186 orbis.

63 3205 179 3302 Cujus
198 3205 315 3304 fate,
340 3210 438 3284 srmul
455 3207 554 3284 diddo
569 3209 783 3306 conjunde,
805 3207 929 3284 fideles

61 3302 1065 3408 lfflMmmmstfflmmimmwnhmm,·

62 3403 318 3501 conscripsere
332 3429 456 3506 mern,
481 3431 558 3484 non
575 3425 699 3486 extera
716 3415 828 3486 verba
849 3409 978 3505 locuti,

62 3505 202 3604 Spiritu
219 3505 443 3602 tanturm,
469 3522 573 3586 tento
591 3509 763 3605 presente
778 3507 966 3606 Magistro.

117 3629 152 3702 3.
179 3602 250 3682 Hic
270 3629 380 3706 ugnus
399 3607 534 3704 pasche
552 3607 774 3706 suspenditur
791 3607 906 3686 hostia
919 3611 1033 3710 ligno,

64 3705 319 3786 Huncrautm
337 3705 443 3803 phase
462 3707 691 3786 conscribens
709 3712 853 3788 decreta
871 3709 1068 3807 Corintho,

67 3803 239 3886 Occisum
253 3807 362 3888 trudit
383 3810 566 3905 vitentque
580 3809 771 3908 Deumque
785 3811 960 3912 murrum,
992 3913 1020 3990 P

228 3931 237 3941 ’
1021 3933 1080 3990 ro
