2638 4342
177 185 603 281 ,inversus
653 167 979 266 Jonaros.
1053 169 1138 259 ,665

159 335 215 424 13.
240 327 356 426 Igitur
373 330 540 424 quoniam
562 327 626 404 filii
644 327 749 402 Israel
767 325 975 420 adfirmant,
1000 344 1070 404 nos
1086 347 1142 402 er·

80 451 160 506 rare
179 431 389 523 recipiendo
404 428 599 522 Christum,
624 431 684 520 qui
701 430 772 522 iam
791 429 913 516 venita
940 425 1139 520 praescriba·
1286 501 1290 516 ,

21 599 22 604 ,
80 529 377 621 museiscxipsrs
395 526 595 622 scripturis,
620 531 693 621 jnm
711 526 845 600 venisse
862 516 1056 622 Christum,
1079 525 1141 622 qui
1182 604 1183 614 ,

80 631 349 726 praedicabatur.
384 619 559 730 Quamvis
578 650 623 702 ex
637 629 860 724 temporibus
875 627 1035 702 Danielis
1052 649 1141 722 praa·

81 730 234 820 dicantis,
252 731 552 820 probaverimus,
585 730 656 820 jam
683 725 816 805 venille
843 726 1045 820 Christum,
1081 727 1142 819 qui

81 831 331 906 nunciabatur.
393 825 500 902 Nasci
525 827 618 902 enim
643 847 725 900 eum
748 827 914 920 oportuit
940 828 976 903 in
999 825 1142 904 Bethle-

81 927 165 1004 hem
182 927 292 1025 Judae.
350 926 407 1000 Sic
433 929 526 1000 enim
551 925 718 1020 scriptum
744 927 794 1000 est
814 927 851 998 in
868 927 1064 1020 propbeta:
1093 929 1142 1000 Et
1194 951 1200 973 ¹

82 1045 119 1100 ru
135 1029 317 1100 Bethlehem
329 1051 396 1098 non
410 1031 544 1098 minima
557 1055 587 1098 es
602 1034 641 1098 in
657 1029 783 1098 ducibus
798 1029 902 1122 Judae.
943 1029 996 1098 Ex
1015 1045 1045 1098 re
1056 1035 1143 1098 erum

83 1133 165 1204 exiet
181 1131 263 1214 dux,
282 1135 339 1223 qui
351 1129 451 1220 pascat
462 1129 609 1224 populum
625 1153 723 1198 mcum
741 1127 845 1215 Israel.
896 1125 932 1200 Si
949 1139 1067 1200 autem
1084 1127 1142 1200 ad·

83 1229 154 1303 huc
171 1243 273 1300 natus
288 1246 364 1300 non
382 1225 451 1320 est,
477 1227 536 1318 qui
551 1225 777 1320 processurus
794 1225 866 1300 dux
882 1223 926 1298 de
941 1227 1037 1300 tribu
1050 1227 1142 1322 Juda

84 1327 346 1402 exBethlehem
359 1328 607 1419 nunciabatur,
617 1340 769 1420 oportet
784 1327 970 1400 enimcum
985 1325 1029 1400 de
1044 1327 1143 1400 tribu

84 1427 175 1523 Juda
192 1427 226 1498 u
245 1449 265 1498 a
282 1427 493 1500 Bethlehem
508 1427 724 1522 procedere:
752 1425 1064 1514 animadvertimus
1084 1449 1144 1500 au-

83 1539 155 1600 tem
177 1541 266 1598 tunc
288 1529 463 1600 neminem
486 1525 530 1598 de
553 1545 683 1622 genere
701 1525 803 1600 lsrael
824 1525 861 1596 in
875 1525 1024 1598 civitate
1037 1525 1143 1601 iteth-

82 1626 200 1700 leham
224 1623 439 1716 remansisse,
466 1623 501 1698 &
524 1625 677 1718 exinde,
712 1625 810 1716 quod
830 1623 1055 1700 interditlum
1078 1625 1144 1721 est,

82 1745 129 1799 ne
145 1727 182 1798 in
196 1716 357 1797 confinio
373 1723 476 1818 ipsius
490 1725 647 1818 regionis
663 1725 870 1798 demoretur
885 1725 1104 1822 quisquam]
1130 1763 1145 1788 ·

85 1825 264 1915 deorum,
296 1837 339 1894 ut
360 1823 434 1924 hv
455 1843 600 1916 quoque
622 1823 708 1898 esset
729 1825 956 1916 adimpletum
975 1845 1039 1917 per
1060 1847 1144 1921 pro·

83 1925 247 2022 phetam:
274 1925 375 1996 Terra
388 1924 490 2016 valsra
503 1925 640 2011 deserta,
659 1928 809 1996 civitates
821 1923 928 2019 vestre
943 1931 1010 2018 agni
1021 1927 1145 2024 mussa,

82 2023 208 2116 idest,
237 2021 334 2114 quod
349 2023 434 2096 belli
451 2037 616 2116 tempore
636 2024 686 2106 eis
710 2025 894 2114 evenerit3
921 2029 1072 2116 regionem
1086 2051 1144 2098 ve·

77 2124 180 2223 ⁸pirum
206 2128 245 2191 r'n
275 2120 432 2218 cuppedia
450 2124 550 2219 vestro
577 2130 679 2196 exteri
704 2127 876 2210 comedent,
903 2121 942 2201 (5
964 2125 1082 2210 deserta
1106 2124 1146 2204 (9¹

77 2223 228 2316 salense
242 2226 305 2291 erit
320 2249 339 2290 a
348 2224 472 2319 populls
482 2225 608 2296 alienis.
660 2221 711 2296 Et
728 2225 798 2298 alio
814 2223 901 2296 loco
916 2224 963 2298 sic
975 2245 1041 2319 per
1056 2225 1146 2299 Pro·

83 2324 230 2418 phetam
253 2321 402 2394 dieitur:
440 2325 549 2416 mem
573 2324 814 2394 camelarium
838 2325 1008 2412 uidebitis,
1034 2325 1070 2398 id
1095 2324 1147 2400 cst

84 2421 282 2514 Christum,
303 2421 493 2495 facientem
507 2423 661 2496 virtutes
679 2422 717 2494 in
731 2423 846 2518 gloria
860 2419 930 2494 Dei
947 2427 1079 2519 patris,
1104 2423 1145 2503 sl*
1176 2453 1179 2472 ·

83 2525 166 2594 nuti
182 2523 449 2617 depraedatum
465 2537 584 2594 terram
599 2523 635 2592 de
647 2523 832 2620 longinquo,
851 2521 949 2612 quod
963 2543 1054 2618 vos,
1073 2539 1146 2620 pl‘o

82 2621 226 2698 meritis.
243 2619 369 2694 vestris
394 2619 477 2715 post
498 2615 800 2717 expugnationem
820 2619 1039 2698 Hierusalem
1062 2645 1145 2719 pro·

82 2721 186 2798 bibiti
205 2719 342 2815 ingredi
364 2721 553 2796 interram
576 2720 748 2815 vestram,
779 2721 824 2796 de
845 2723 1044 2820 longinquo
1067 2745 1147 2802 eam

85 2821 202 2896 oculis
221 2833 359 2892 tantum
380 2821 505 2894 videre
521 2819 722 2915 permissum
743 2819 804 2896 est.
855 2827 989 2912 Anima,
1013 2825 1146 2920 inquit,

84 2923 187 3018 vestra
205 2921 410 2990 meditabitur
434 2925 591 3010 timorem,
618 2921 773 3014 scilicet,
799 2941 873 3012 quo
897 2937 1063 3018 tempore
1085 2947 1146 2998 ex·
1226 2923 1228 2930 ’

84 3020 216 3098 sidium
231 3017 280 3092 sui
296 3007 484 3115 paffi'sunt.
537 3021 739 3120 Quomodo
761 3019 869 3116 igitur
888 3021 1051 3096 nascetur
1071 3023 1146 3098 dux
1270 3012 1276 3028 '

83 3121 128 3196 de
144 3119 284 3214 Judaea,
312 3119 346 3192 ἃ
368 3134 542 3211 quatenus
558 3121 774 3212 procederet
790 3120 834 3192 de
848 3119 1078 3214 Bethlehem,
1105 3123 1147 3196 sr-

83 3221 157 3296 cuti
188 3219 312 3292 divina
335 3219 592 3312 prophetarum
617 3220 803 3294 volumina
827 3221 1022 3309 manriaot,
1060 3243 1145 3302 cnm

19 3393 20 3420 ,
82 3321 202 3394 nullus
230 3317 380 3392 omnino
409 3319 451 3392 sit
480 3319 552 3390 illic
566 3318 616 3390 in
643 3319 857 3392 hodiernum
885 3318 1071 3394 derelillus
1100 3341 1147 3396 ex

19 3505 20 3524 χ
80 3417 209 3508 Israel,
237 3419 336 3510 cujus
360 3439 404 3490 ex
428 3416 535 3510 stirpe
556 3419 660 3508 pout
678 3417 771 3492 nasci
792 3417 962 3494 Christus.
1012 3419 1147 3496 Secun-

19 3535 20 3540 ’
83 3519 167 3594 dum
184 3515 326 3613 Judaeos
344 3517 459 3590 adhuc
476 3537 552 3590 non
572 3519 694 3612 venit,
728 3541 809 3592 cum
835 3519 960 3592 venire
980 3523 1144 3613 coeperit,

81 3619 181 3692 unde
201 3615 384 3714 ungetur?
431 3615 510 3690 Lex
531 3615 624 3690 enim
647 3619 843 3712 praecepit,
876 3619 913 3692 in
934 3619 1148 3711 captivitate

82 3739 160 3792 non
185 3717 295 3788 licere
315 3713 520 3813 undiopem
544 3715 737 3792 chrismatis
761 3719 888 3813 regalis
915 3716 1057 3794 confici.
1107 3719 1147 3805 ,si

82 3833 205 3892 autem
228 3815 300 3907 jam
320 3837 390 3890 nec
408 3813 531 3890 unstio
560 3814 619 3990 εξ
631 3817 731 3912 illis,
774 3832 816 3891 ut
836 3817 966 3896 Daniel
992 3819 1147 3912 prophe·

627 3929 689 4008 t5
985 3919 1094 4018 tavit,
