<?xml version="1.0" encoding="UTF-8"?>
<!DOCTYPE html PUBLIC "-//W3C//DTD XHTML 1.0 Transitional//EN"
    "http://www.w3.org/TR/xhtml1/DTD/xhtml1-transitional.dtd">
<html xmlns="http://www.w3.org/1999/xhtml" xml:lang="en" lang="en">
 <head>
  <title>
</title>
<meta http-equiv="Content-Type" content="text/html;charset=utf-8" />
  <meta name='ocr-system' content='tesseract 3.04.00' />
  <meta name='ocr-capabilities' content='ocr_page ocr_carea ocr_par ocr_line ocrx_word'/>
</head>
<body>
  <div class='ocr_page' id='page_1' title='image "./operaomnia00tertgoog_0492.png"; bbox 0 0 2596 4336; ppageno 0'>
   <div class='ocr_carea' id='block_1_1' title="bbox 79 109 1084 282">
    <p class='ocr_par' dir='ltr' id='par_1_1' title="bbox 79 109 1084 282">
     <span class='ocr_line' id='line_1_1' title="bbox 79 109 1084 282; baseline 0.014 -52"><span class='ocrx_word' id='word_1_1' title='bbox 79 201 107 282; x_wconf 26' lang='grc' dir='ltr'>ἰ</span> <span class='ocrx_word' id='word_1_2' title='bbox 166 177 242 255; x_wconf 69' lang='grc'><strong>474</strong></span> <span class='ocrx_word' id='word_1_3' title='bbox 303 109 1084 258; x_wconf 46' lang='lat' dir='ltr'><strong>.Q.‘Strr.Fton.Tttnru1.,Ltntti</strong></span> 
     </span>
    </p>
   </div>
   <div class='ocr_carea' id='block_1_2' title="bbox 157 311 1248 818">
    <p class='ocr_par' dir='ltr' id='par_1_2' title="bbox 167 311 1248 614">
     <span class='ocr_line' id='line_1_2' title="bbox 168 311 1248 418; baseline 0 -24"><span class='ocrx_word' id='word_1_4' title='bbox 168 313 355 412; x_wconf 85' lang='lat' dir='ltr'><strong>caprificus</strong></span> <span class='ocrx_word' id='word_1_5' title='bbox 376 322 528 418; x_wconf 81' lang='lat' dir='ltr'><strong>exurgit.</strong></span> <span class='ocrx_word' id='word_1_6' title='bbox 579 319 686 396; x_wconf 87' lang='lat' dir='ltr'><strong>lta&amp;</strong></span> <span class='ocrx_word' id='word_1_7' title='bbox 706 318 853 396; x_wconf 80' lang='lat' dir='ltr'><strong>hereses</strong></span> <span class='ocrx_word' id='word_1_8' title='bbox 876 319 921 395; x_wconf 89' lang='lat' dir='ltr'><strong>de</strong></span> <span class='ocrx_word' id='word_1_9' title='bbox 940 313 1066 396; x_wconf 84' lang='lat' dir='ltr'><strong>nostro</strong></span> <span class='ocrx_word' id='word_1_10' title='bbox 1087 311 1248 394; x_wconf 70' lang='lat' dir='ltr'><strong>ruffin·</strong></span> 
     </span>
     <span class='ocr_line' id='line_1_3' title="bbox 168 408 1243 528; baseline 0 -34"><span class='ocrx_word' id='word_1_11' title='bbox 168 433 368 516; x_wconf 85' lang='lat' dir='ltr'><strong>caverunt,</strong></span> <span class='ocrx_word' id='word_1_12' title='bbox 398 437 475 494; x_wconf 92' lang='lat' dir='ltr'><strong>non</strong></span> <span class='ocrx_word' id='word_1_13' title='bbox 491 419 638 497; x_wconf 78' lang='lat' dir='ltr'><strong>nostre:</strong></span> <span class='ocrx_word' id='word_1_14' title='bbox 671 419 868 520; x_wconf 82' lang='lat' dir='ltr'><strong>degeneres</strong></span> <span class='ocrx_word' id='word_1_15' title='bbox 890 420 1075 494; x_wconf 86' lang='lat' dir='ltr'><strong>varietatis</strong></span> <span class='ocrx_word' id='word_1_16' title='bbox 1100 408 1243 528; x_wconf 51' lang='lat' dir='ltr'><strong>grano,</strong></span> 
     </span>
     <span class='ocr_line' id='line_1_4' title="bbox 167 517 621 614; baseline 0.009 -22"><span class='ocrx_word' id='word_1_17' title='bbox 167 517 203 592; x_wconf 80' lang='lat' dir='ltr'><strong>n</strong></span> <span class='ocrx_word' id='word_1_18' title='bbox 218 519 406 592; x_wconf 90' lang='lat' dir='ltr'><strong>mendacio</strong></span> <span class='ocrx_word' id='word_1_19' title='bbox 420 517 621 614; x_wconf 86' lang='lat' dir='ltr'><strong>sylvestres.</strong></span> 
     </span>
    </p>

    <p class='ocr_par' dir='ltr' id='par_1_3' title="bbox 157 617 1241 818">
     <span class='ocr_line' id='line_1_5' title="bbox 157 617 1241 716; baseline -0.002 -22"><span class='ocrx_word' id='word_1_20' title='bbox 157 711 159 716; x_wconf 17' lang='grc' dir='ltr'>ι</span> <span class='ocrx_word' id='word_1_21' title='bbox 244 637 301 712; x_wconf 79' lang='lat'><strong>37.</strong></span> <span class='ocrx_word' id='word_1_22' title='bbox 326 618 364 694; x_wconf 86' lang='lat' dir='ltr'><strong>Si</strong></span> <span class='ocrx_word' id='word_1_23' title='bbox 380 621 459 699; x_wconf 89' lang='lat' dir='ltr'><strong>haec</strong></span> <span class='ocrx_word' id='word_1_24' title='bbox 480 621 530 694; x_wconf 90' lang='lat' dir='ltr'><strong>ita</strong></span> <span class='ocrx_word' id='word_1_25' title='bbox 549 619 584 694; x_wconf 87' lang='lat' dir='ltr'><strong>se</strong></span> <span class='ocrx_word' id='word_1_26' title='bbox 605 621 761 713; x_wconf 86' lang='lat' dir='ltr'><strong>habent,</strong></span> <span class='ocrx_word' id='word_1_27' title='bbox 786 631 829 694; x_wconf 90' lang='lat' dir='ltr'><strong>ut</strong></span> <span class='ocrx_word' id='word_1_28' title='bbox 848 619 983 695; x_wconf 78' lang='lat' dir='ltr'><strong>veritas</strong></span> <span class='ocrx_word' id='word_1_29' title='bbox 1004 617 1111 692; x_wconf 83' lang='lat' dir='ltr'><strong>nobis</strong></span> <span class='ocrx_word' id='word_1_30' title='bbox 1134 617 1241 710; x_wconf 86' lang='lat' dir='ltr'><strong>adju·</strong></span> 
     </span>
     <span class='ocr_line' id='line_1_6' title="bbox 165 713 1239 818; baseline -0.001 -28"><span class='ocrx_word' id='word_1_31' title='bbox 165 713 333 816; x_wconf 86' lang='lat' dir='ltr'><strong>dicetur,</strong></span> <span class='ocrx_word' id='word_1_32' title='bbox 367 722 570 814; x_wconf 88' lang='lat' dir='ltr'><strong>quicunque</strong></span> <span class='ocrx_word' id='word_1_33' title='bbox 593 721 631 796; x_wconf 93' lang='lat' dir='ltr'><strong>in</strong></span> <span class='ocrx_word' id='word_1_34' title='bbox 658 743 701 796; x_wconf 87' lang='lat' dir='ltr'><strong>ca</strong></span> <span class='ocrx_word' id='word_1_35' title='bbox 722 721 844 818; x_wconf 82' lang='lat' dir='ltr'><strong>regula</strong></span> <span class='ocrx_word' id='word_1_36' title='bbox 868 717 1092 811; x_wconf 85' lang='lat' dir='ltr'><strong>incedimus,</strong></span> <span class='ocrx_word' id='word_1_37' title='bbox 1125 737 1239 810; x_wconf 84' lang='lat' dir='ltr'><strong>quam</strong></span> 
     </span>
    </p>
   </div>
   <div class='ocr_carea' id='block_1_3' title="bbox 16 809 1238 916">
    <p class='ocr_par' dir='ltr' id='par_1_4' title="bbox 16 809 1238 916">
     <span class='ocr_line' id='line_1_7' title="bbox 16 809 1238 916; baseline 0.004 -30"><span class='ocrx_word' id='word_1_38' title='bbox 16 861 17 870; x_wconf 30' lang='lat' dir='ltr'><strong>r</strong></span> <span class='ocrx_word' id='word_1_39' title='bbox 160 809 314 892; x_wconf 75' lang='lat' dir='ltr'><strong>&#39;ecclesta</strong></span> <span class='ocrx_word' id='word_1_40' title='bbox 346 820 390 894; x_wconf 87' lang='lat' dir='ltr'><strong>ab</strong></span> <span class='ocrx_word' id='word_1_41' title='bbox 421 817 635 916; x_wconf 84' lang='lat' dir='ltr'><strong>Apostolis,</strong></span> <span class='ocrx_word' id='word_1_42' title='bbox 674 817 843 911; x_wconf 83' lang='lat' dir='ltr'><strong>Apostoli</strong></span> <span class='ocrx_word' id='word_1_43' title='bbox 878 817 1092 910; x_wconf 87' lang='lat' dir='ltr'><strong>aChristo,</strong></span> <span class='ocrx_word' id='word_1_44' title='bbox 1130 815 1238 910; x_wconf 79' lang='lat' dir='ltr'><strong>Clui-</strong></span> 
     </span>
    </p>
   </div>
   <div class='ocr_carea' id='block_1_4' title="bbox 126 915 1237 1412">
    <p class='ocr_par' dir='ltr' id='par_1_5' title="bbox 126 915 1237 1412">
     <span class='ocr_line' id='line_1_8' title="bbox 126 915 1237 1014; baseline -0.002 -24"><span class='ocrx_word' id='word_1_45' title='bbox 126 931 128 934; x_wconf 83' lang='grc'><strong><em>·</em></strong></span> <span class='ocrx_word' id='word_1_46' title='bbox 164 915 238 1002; x_wconf 77' lang='lat' dir='ltr'><strong>stus</strong></span> <span class='ocrx_word' id='word_1_47' title='bbox 271 940 291 990; x_wconf 93' lang='lat' dir='ltr'><strong>a</strong></span> <span class='ocrx_word' id='word_1_48' title='bbox 323 915 410 992; x_wconf 91' lang='lat' dir='ltr'><strong>Deo</strong></span> <span class='ocrx_word' id='word_1_49' title='bbox 445 919 614 994; x_wconf 82' lang='lat' dir='ltr'><strong>tradidit:</strong></span> <span class='ocrx_word' id='word_1_50' title='bbox 651 916 793 992; x_wconf 91' lang='lat' dir='ltr'><strong>constat</strong></span> <span class='ocrx_word' id='word_1_51' title='bbox 826 917 921 992; x_wconf 88' lang='lat' dir='ltr'><strong>ratio</strong></span> <span class='ocrx_word' id='word_1_52' title='bbox 952 915 1129 1014; x_wconf 80' lang='lat' dir='ltr'><strong>propositi</strong></span> <span class='ocrx_word' id='word_1_53' title='bbox 1163 937 1237 990; x_wconf 89' lang='lat' dir='ltr'><strong>no·</strong></span> 
     </span>
     <span class='ocr_line' id='line_1_9' title="bbox 163 1013 1237 1110; baseline 0.002 -20"><span class='ocrx_word' id='word_1_54' title='bbox 163 1015 246 1110; x_wconf 88' lang='lat' dir='ltr'><strong>stri,</strong></span> <span class='ocrx_word' id='word_1_55' title='bbox 277 1013 496 1094; x_wconf 70' lang='lat' dir='ltr'><strong>definientis:</strong></span> <span class='ocrx_word' id='word_1_56' title='bbox 529 1037 607 1094; x_wconf 91' lang='lat' dir='ltr'><strong>non</strong></span> <span class='ocrx_word' id='word_1_57' title='bbox 629 1019 699 1094; x_wconf 84' lang='lat' dir='ltr'><strong>elle</strong></span> <span class='ocrx_word' id='word_1_58' title='bbox 716 1018 956 1094; x_wconf 83' lang='lat' dir='ltr'><strong>admittendos</strong></span> <span class='ocrx_word' id='word_1_59' title='bbox 974 1017 1166 1091; x_wconf 86' lang='lat' dir='ltr'><strong>haereticos</strong></span> <span class='ocrx_word' id='word_1_60' title='bbox 1187 1015 1237 1092; x_wconf 86' lang='lat' dir='ltr'><strong>ad</strong></span> 
     </span>
     <span class='ocr_line' id='line_1_10' title="bbox 162 1115 1234 1218; baseline 0 -26"><span class='ocrx_word' id='word_1_61' title='bbox 162 1115 357 1218; x_wconf 83' lang='lat' dir='ltr'><strong>ineundam</strong></span> <span class='ocrx_word' id='word_1_62' title='bbox 379 1117 424 1194; x_wconf 90' lang='lat' dir='ltr'><strong>de</strong></span> <span class='ocrx_word' id='word_1_63' title='bbox 448 1117 628 1212; x_wconf 73' lang='lat' dir='ltr'><strong>scripturis</strong></span> <span class='ocrx_word' id='word_1_64' title='bbox 655 1121 983 1214; x_wconf 69' lang='lat' dir='ltr'><strong>provocationem</strong></span> <span class='ocrx_word' id='word_1_65' title='bbox 1014 1137 1131 1210; x_wconf 83' lang='lat' dir='ltr'><strong>quos,</strong></span> <span class='ocrx_word' id='word_1_66' title='bbox 1156 1117 1234 1192; x_wconf 82' lang='lat' dir='ltr'><strong>line</strong></span> 
     </span>
     <span class='ocr_line' id='line_1_11' title="bbox 153 1215 1235 1322; baseline -0.005 -26"><span class='ocrx_word' id='word_1_67' title='bbox 153 1217 369 1322; x_wconf 66' lang='lat' dir='ltr'><strong>scripturis,</strong></span> <span class='ocrx_word' id='word_1_68' title='bbox 392 1222 586 1312; x_wconf 83' lang='lat' dir='ltr'><strong>probamus</strong></span> <span class='ocrx_word' id='word_1_69' title='bbox 603 1220 647 1294; x_wconf 84' lang='lat' dir='ltr'><strong>ad</strong></span> <span class='ocrx_word' id='word_1_70' title='bbox 664 1219 851 1312; x_wconf 87' lang='lat' dir='ltr'><strong>scripturas</strong></span> <span class='ocrx_word' id='word_1_71' title='bbox 866 1237 943 1292; x_wconf 89' lang='lat' dir='ltr'><strong>non</strong></span> <span class='ocrx_word' id='word_1_72' title='bbox 959 1219 1152 1312; x_wconf 88' lang='lat' dir='ltr'><strong>pertinere.</strong></span> <span class='ocrx_word' id='word_1_73' title='bbox 1194 1215 1235 1292; x_wconf 88' lang='lat' dir='ltr'><strong>Si</strong></span> 
     </span>
     <span class='ocr_line' id='line_1_12' title="bbox 164 1313 1235 1412; baseline -0.004 -20"><span class='ocrx_word' id='word_1_74' title='bbox 164 1320 261 1392; x_wconf 89' lang='lat' dir='ltr'><strong>enim</strong></span> <span class='ocrx_word' id='word_1_75' title='bbox 277 1317 435 1400; x_wconf 70' lang='lat' dir='ltr'><strong>haretici</strong></span> <span class='ocrx_word' id='word_1_76' title='bbox 449 1313 548 1412; x_wconf 88' lang='lat' dir='ltr'><strong>sunt,</strong></span> <span class='ocrx_word' id='word_1_77' title='bbox 577 1317 763 1404; x_wconf 82' lang='lat' dir='ltr'><strong>Christiani</strong></span> <span class='ocrx_word' id='word_1_78' title='bbox 780 1316 850 1396; x_wconf 87' lang='lat' dir='ltr'><strong>elle</strong></span> <span class='ocrx_word' id='word_1_79' title='bbox 867 1337 945 1392; x_wconf 93' lang='lat' dir='ltr'><strong>non</strong></span> <span class='ocrx_word' id='word_1_80' title='bbox 961 1313 1127 1410; x_wconf 84' lang='lat' dir='ltr'><strong>possunt:</strong></span> <span class='ocrx_word' id='word_1_81' title='bbox 1152 1335 1235 1412; x_wconf 83' lang='lat' dir='ltr'><strong>non</strong></span> 
     </span>
    </p>
   </div>
   <div class='ocr_carea' id='block_1_5' title="bbox 44 1409 1235 1516">
    <p class='ocr_par' dir='ltr' id='par_1_6' title="bbox 44 1409 1235 1516">
     <span class='ocr_line' id='line_1_13' title="bbox 44 1409 1235 1516; baseline 0.013 -42"><span class='ocrx_word' id='word_1_82' title='bbox 44 1465 49 1474; x_wconf 85' lang='lat'><em>.</em></span> <span class='ocrx_word' id='word_1_83' title='bbox 115 1432 118 1443; x_wconf 90' lang='lat'><strong>·</strong></span> <span class='ocrx_word' id='word_1_84' title='bbox 152 1409 187 1516; x_wconf 44' lang='lat' dir='ltr'><strong>sa</strong></span> <span class='ocrx_word' id='word_1_85' title='bbox 207 1415 350 1492; x_wconf 72' lang='lat' dir='ltr'><strong>christo</strong></span> <span class='ocrx_word' id='word_1_86' title='bbox 372 1417 564 1512; x_wconf 80' lang='lat' dir='ltr'><strong>habendo,</strong></span> <span class='ocrx_word' id='word_1_87' title='bbox 592 1418 712 1514; x_wconf 84' lang='lat' dir='ltr'><strong>quod,</strong></span> <span class='ocrx_word' id='word_1_88' title='bbox 740 1417 784 1498; x_wconf 83' lang='lat' dir='ltr'><strong>de</strong></span> <span class='ocrx_word' id='word_1_89' title='bbox 808 1415 868 1492; x_wconf 88' lang='lat' dir='ltr'><strong>sua</strong></span> <span class='ocrx_word' id='word_1_90' title='bbox 891 1413 1069 1490; x_wconf 72' lang='lat' dir='ltr'><strong>elesiione</strong></span> <span class='ocrx_word' id='word_1_91' title='bbox 1093 1415 1235 1512; x_wconf 65' lang='lat' dir='ltr'><strong>serrati,</strong></span> 
     </span>
    </p>
   </div>
   <div class='ocr_carea' id='block_1_6' title="bbox 84 1507 1234 4011">
    <p class='ocr_par' dir='ltr' id='par_1_7' title="bbox 84 1507 1234 3208">
     <span class='ocr_line' id='line_1_14' title="bbox 163 1507 1234 1610; baseline -0.004 -18"><span class='ocrx_word' id='word_1_92' title='bbox 163 1517 416 1592; x_wconf 75' lang='lat' dir='ltr'><strong>hereticorum</strong></span> <span class='ocrx_word' id='word_1_93' title='bbox 438 1521 585 1594; x_wconf 90' lang='lat' dir='ltr'><strong>nomine</strong></span> <span class='ocrx_word' id='word_1_94' title='bbox 610 1519 812 1594; x_wconf 88' lang='lat' dir='ltr'><strong>admittunt.</strong></span> <span class='ocrx_word' id='word_1_95' title='bbox 862 1515 1009 1592; x_wconf 89' lang='lat' dir='ltr'><strong>Itanon</strong></span> <span class='ocrx_word' id='word_1_96' title='bbox 1026 1507 1234 1610; x_wconf 81' lang='lat' dir='ltr'><strong>Christiani,</strong></span> 
     </span>
     <span class='ocr_line' id='line_1_15' title="bbox 163 1615 1231 1713; baseline -0.004 -21"><span class='ocrx_word' id='word_1_97' title='bbox 163 1618 302 1692; x_wconf 88' lang='lat' dir='ltr'><strong>nullum</strong></span> <span class='ocrx_word' id='word_1_98' title='bbox 317 1617 374 1710; x_wconf 81' lang='lat' dir='ltr'><strong>J‘us</strong></span> <span class='ocrx_word' id='word_1_99' title='bbox 391 1621 539 1713; x_wconf 86' lang='lat' dir='ltr'><strong>capiunt</strong></span> <span class='ocrx_word' id='word_1_100' title='bbox 554 1617 829 1702; x_wconf 80' lang='lat' dir='ltr'><strong>Christianarum</strong></span> <span class='ocrx_word' id='word_1_101' title='bbox 849 1617 1050 1707; x_wconf 83' lang='lat' dir='ltr'><strong>literarum,</strong></span> <span class='ocrx_word' id='word_1_102' title='bbox 1076 1615 1120 1688; x_wconf 87' lang='lat' dir='ltr'><strong>ad</strong></span> <span class='ocrx_word' id='word_1_103' title='bbox 1136 1633 1231 1708; x_wconf 80' lang='lat' dir='ltr'><strong>quoa</strong></span> 
     </span>
     <span class='ocr_line' id='line_1_16' title="bbox 162 1714 1234 1814; baseline -0.002 -22"><span class='ocrx_word' id='word_1_104' title='bbox 162 1719 296 1792; x_wconf 89' lang='lat' dir='ltr'><strong>merito</strong></span> <span class='ocrx_word' id='word_1_105' title='bbox 314 1715 503 1796; x_wconf 90' lang='lat' dir='ltr'><strong>dicendum</strong></span> <span class='ocrx_word' id='word_1_106' title='bbox 517 1717 587 1814; x_wconf 87' lang='lat' dir='ltr'><strong>est,</strong></span> <span class='ocrx_word' id='word_1_107' title='bbox 613 1721 674 1811; x_wconf 87' lang='lat' dir='ltr'><strong>qui</strong></span> <span class='ocrx_word' id='word_1_108' title='bbox 690 1715 797 1794; x_wconf 82' lang='lat' dir='ltr'><strong>estis‘l</strong></span> <span class='ocrx_word' id='word_1_109' title='bbox 823 1716 991 1810; x_wconf 90' lang='lat' dir='ltr'><strong>quando,</strong></span> <span class='ocrx_word' id='word_1_110' title='bbox 1007 1714 1151 1790; x_wconf 84' lang='lat' dir='ltr'><strong>&amp;unde</strong></span> <span class='ocrx_word' id='word_1_111' title='bbox 1166 1735 1234 1790; x_wconf 85' lang='lat' dir='ltr'><strong>ve·</strong></span> 
     </span>
     <span class='ocr_line' id='line_1_17' title="bbox 162 1813 1231 1916; baseline -0.002 -26"><span class='ocrx_word' id='word_1_112' title='bbox 162 1814 288 1890; x_wconf 76' lang='lat' dir='ltr'><strong>minist</strong></span> <span class='ocrx_word' id='word_1_113' title='bbox 326 1817 412 1911; x_wconf 88' lang='lat' dir='ltr'><strong>quid</strong></span> <span class='ocrx_word' id='word_1_114' title='bbox 430 1821 468 1892; x_wconf 91' lang='lat' dir='ltr'><strong>in</strong></span> <span class='ocrx_word' id='word_1_115' title='bbox 490 1841 574 1894; x_wconf 89' lang='lat' dir='ltr'><strong>meo</strong></span> <span class='ocrx_word' id='word_1_116' title='bbox 597 1820 721 1916; x_wconf 88' lang='lat' dir='ltr'><strong>agitis,</strong></span> <span class='ocrx_word' id='word_1_117' title='bbox 746 1837 824 1892; x_wconf 93' lang='lat' dir='ltr'><strong>non</strong></span> <span class='ocrx_word' id='word_1_118' title='bbox 840 1813 939 1898; x_wconf 72' lang='lat' dir='ltr'><strong>meis</strong></span> <span class='ocrx_word' id='word_1_119' title='bbox 968 1835 1042 1908; x_wconf 89' lang='lat' dir='ltr'><strong>quo</strong></span> <span class='ocrx_word' id='word_1_120' title='bbox 1059 1814 1231 1910; x_wconf 86' lang='lat' dir='ltr'><strong>denique,</strong></span> 
     </span>
     <span class='ocr_line' id='line_1_18' title="bbox 149 1913 1231 2018; baseline -0.002 -26"><span class='ocrx_word' id='word_1_121' title='bbox 149 1915 366 2018; x_wconf 25' lang='lat' dir='ltr'><strong>&#39;&#39;nlarcion,</strong></span> <span class='ocrx_word' id='word_1_122' title='bbox 395 1919 476 2010; x_wconf 90' lang='lat' dir='ltr'><strong>jure</strong></span> <span class='ocrx_word' id='word_1_123' title='bbox 499 1917 635 2012; x_wconf 86' lang='lat' dir='ltr'><strong>sylvam</strong></span> <span class='ocrx_word' id='word_1_124' title='bbox 657 1939 775 1992; x_wconf 89' lang='lat' dir='ltr'><strong>meam</strong></span> <span class='ocrx_word' id='word_1_125' title='bbox 796 1913 933 1990; x_wconf 71' lang='lat' dir='ltr'><strong>cedis?</strong></span> <span class='ocrx_word' id='word_1_126' title='bbox 970 1935 1040 2008; x_wconf 84' lang='lat' dir='ltr'><strong>qua</strong></span> <span class='ocrx_word' id='word_1_127' title='bbox 1061 1915 1231 2011; x_wconf 83' lang='lat' dir='ltr'><strong>licentia,</strong></span> 
     </span>
     <span class='ocr_line' id='line_1_19' title="bbox 162 2011 1230 2110; baseline -0.001 -21"><span class='ocrx_word' id='word_1_128' title='bbox 162 2015 382 2110; x_wconf 81' lang='lat' dir='ltr'><strong>valentine,</strong></span> <span class='ocrx_word' id='word_1_129' title='bbox 410 2017 533 2092; x_wconf 88' lang='lat' dir='ltr'><strong>fontes</strong></span> <span class='ocrx_word' id='word_1_130' title='bbox 551 2039 653 2092; x_wconf 86' lang='lat' dir='ltr'><strong>meos</strong></span> <span class='ocrx_word' id='word_1_131' title='bbox 673 2013 915 2092; x_wconf 69' lang='lat' dir='ltr'><strong>transvertit?</strong></span> <span class='ocrx_word' id='word_1_132' title='bbox 949 2037 1018 2108; x_wconf 88' lang='lat' dir='ltr'><strong>qna</strong></span> <span class='ocrx_word' id='word_1_133' title='bbox 1035 2011 1230 2109; x_wconf 79' lang='lat' dir='ltr'><strong>potestate,</strong></span> 
     </span>
     <span class='ocr_line' id='line_1_20' title="bbox 162 2111 1230 2212; baseline -0.004 -20"><span class='ocrx_word' id='word_1_134' title='bbox 162 2111 335 2212; x_wconf 81' lang='lat' dir='ltr'><strong>Apelles,</strong></span> <span class='ocrx_word' id='word_1_135' title='bbox 361 2117 491 2190; x_wconf 85' lang='lat' dir='ltr'><strong>limites</strong></span> <span class='ocrx_word' id='word_1_136' title='bbox 507 2114 865 2192; x_wconf 79' lang='lat' dir='ltr'><strong>meoscommovesl</strong></span> <span class='ocrx_word' id='word_1_137' title='bbox 891 2115 976 2210; x_wconf 91' lang='lat' dir='ltr'><strong>quid</strong></span> <span class='ocrx_word' id='word_1_138' title='bbox 992 2113 1073 2208; x_wconf 92' lang='lat' dir='ltr'><strong>hic,</strong></span> <span class='ocrx_word' id='word_1_139' title='bbox 1101 2111 1230 2208; x_wconf 84' lang='lat' dir='ltr'><strong>ceteri,</strong></span> 
     </span>
     <span class='ocr_line' id='line_1_21' title="bbox 163 2211 1231 2310; baseline -0.005 -18"><span class='ocrx_word' id='word_1_140' title='bbox 163 2213 209 2292; x_wconf 83' lang='lat' dir='ltr'><strong>ud</strong></span> <span class='ocrx_word' id='word_1_141' title='bbox 223 2217 451 2290; x_wconf 87' lang='lat' dir='ltr'><strong>voluntatem</strong></span> <span class='ocrx_word' id='word_1_142' title='bbox 465 2215 618 2292; x_wconf 86' lang='lat' dir='ltr'><strong>vestram</strong></span> <span class='ocrx_word' id='word_1_143' title='bbox 632 2215 808 2292; x_wconf 84' lang='lat' dir='ltr'><strong>seminatis</strong></span> <span class='ocrx_word' id='word_1_144' title='bbox 828 2215 863 2291; x_wconf 82' lang='lat' dir='ltr'><strong>dt</strong></span> <span class='ocrx_word' id='word_1_145' title='bbox 878 2213 1049 2310; x_wconf 71' lang='lat' dir='ltr'><strong>pascitis?</strong></span> <span class='ocrx_word' id='word_1_146' title='bbox 1073 2213 1162 2288; x_wconf 84' lang='lat' dir='ltr'><strong>Mea</strong></span> <span class='ocrx_word' id='word_1_147' title='bbox 1178 2211 1231 2288; x_wconf 85' lang='lat' dir='ltr'><strong>est</strong></span> 
     </span>
     <span class='ocr_line' id='line_1_22' title="bbox 147 2309 1231 2418; baseline -0.001 -29"><span class='ocrx_word' id='word_1_148' title='bbox 147 2313 349 2418; x_wconf 70' lang='lat' dir='ltr'><strong>possessu,</strong></span> <span class='ocrx_word' id='word_1_149' title='bbox 383 2317 470 2390; x_wconf 90' lang='lat' dir='ltr'><strong>olim</strong></span> <span class='ocrx_word' id='word_1_150' title='bbox 490 2316 669 2412; x_wconf 78' lang='lat' dir='ltr'><strong>possideo:</strong></span> <span class='ocrx_word' id='word_1_151' title='bbox 703 2317 822 2408; x_wconf 79' lang='lat' dir='ltr'><strong>habeo</strong></span> <span class='ocrx_word' id='word_1_152' title='bbox 844 2315 900 2390; x_wconf 93' lang='lat' dir='ltr'><strong>ori</strong></span> <span class='ocrx_word' id='word_1_153' title='bbox 924 2317 1001 2390; x_wconf 87' lang='lat' dir='ltr'><strong>ines</strong></span> <span class='ocrx_word' id='word_1_154' title='bbox 1024 2309 1166 2408; x_wconf 83' lang='lat' dir='ltr'><strong>firmas,</strong></span> <span class='ocrx_word' id='word_1_155' title='bbox 1193 2311 1231 2388; x_wconf 87' lang='lat' dir='ltr'><strong>dt</strong></span> 
     </span>
     <span class='ocr_line' id='line_1_23' title="bbox 160 2410 1230 2512; baseline -0.002 -22"><span class='ocrx_word' id='word_1_156' title='bbox 160 2413 242 2510; x_wconf 85' lang='lat' dir='ltr'><strong>ipsis</strong></span> <span class='ocrx_word' id='word_1_157' title='bbox 257 2417 484 2510; x_wconf 82' lang='lat' dir='ltr'><strong>autoribus,</strong></span> <span class='ocrx_word' id='word_1_158' title='bbox 519 2439 674 2510; x_wconf 89' lang='lat' dir='ltr'><strong>quorum</strong></span> <span class='ocrx_word' id='word_1_159' title='bbox 701 2415 771 2490; x_wconf 89' lang='lat' dir='ltr'><strong>suit</strong></span> <span class='ocrx_word' id='word_1_160' title='bbox 791 2435 859 2492; x_wconf 86' lang='lat' dir='ltr'><strong>res.</strong></span> <span class='ocrx_word' id='word_1_161' title='bbox 944 2435 993 2512; x_wconf 82' lang='lat' dir='ltr'><strong>go</strong></span> <span class='ocrx_word' id='word_1_162' title='bbox 1015 2410 1091 2488; x_wconf 93' lang='lat' dir='ltr'><strong>sum</strong></span> <span class='ocrx_word' id='word_1_163' title='bbox 1114 2413 1230 2490; x_wconf 83' lang='lat' dir='ltr'><strong>haeres</strong></span> 
     </span>
     <span class='ocr_line' id='line_1_24' title="bbox 92 2510 1233 2612; baseline -0.004 -22"><span class='ocrx_word' id='word_1_164' title='bbox 92 2527 97 2540; x_wconf 88' lang='lat'>&#39;</span> <span class='ocrx_word' id='word_1_165' title='bbox 160 2513 439 2608; x_wconf 81' lang='lat' dir='ltr'><strong>Apostolorum.</strong></span> <span class='ocrx_word' id='word_1_166' title='bbox 479 2513 581 2612; x_wconf 80' lang='lat' dir='ltr'><strong>Sicut</strong></span> <span class='ocrx_word' id='word_1_167' title='bbox 598 2529 775 2592; x_wconf 87' lang='lat' dir='ltr'><strong>caventnt</strong></span> <span class='ocrx_word' id='word_1_168' title='bbox 790 2515 1006 2590; x_wconf 88' lang='lat' dir='ltr'><strong>testamento</strong></span> <span class='ocrx_word' id='word_1_169' title='bbox 1024 2511 1113 2608; x_wconf 89' lang='lat' dir='ltr'><strong>suo,</strong></span> <span class='ocrx_word' id='word_1_170' title='bbox 1137 2510 1233 2588; x_wconf 84' lang='lat' dir='ltr'><strong>ficut</strong></span> 
     </span>
     <span class='ocr_line' id='line_1_25' title="bbox 84 2607 1231 2711; baseline -0.003 -20"><span class='ocrx_word' id='word_1_171' title='bbox 84 2638 111 2656; x_wconf 89' lang='lat'><strong>··</strong></span> <span class='ocrx_word' id='word_1_172' title='bbox 142 2607 248 2690; x_wconf 78' lang='lat' dir='ltr'><strong>‘fidei</strong></span> <span class='ocrx_word' id='word_1_173' title='bbox 269 2613 561 2711; x_wconf 81' lang='lat' dir='ltr'><strong>commisserunt,</strong></span> <span class='ocrx_word' id='word_1_174' title='bbox 593 2617 683 2692; x_wconf 87' lang='lat' dir='ltr'><strong>ficut</strong></span> <span class='ocrx_word' id='word_1_175' title='bbox 707 2617 991 2710; x_wconf 85' lang='lat' dir='ltr'><strong>adjuraverunt,</strong></span> <span class='ocrx_word' id='word_1_176' title='bbox 1027 2613 1078 2688; x_wconf 87' lang='lat' dir='ltr'><strong>ita</strong></span> <span class='ocrx_word' id='word_1_177' title='bbox 1102 2625 1231 2689; x_wconf 86' lang='lat' dir='ltr'><strong>teneo.</strong></span> 
     </span>
     <span class='ocr_line' id='line_1_26' title="bbox 145 2709 1231 2810; baseline -0.003 -22"><span class='ocrx_word' id='word_1_178' title='bbox 145 2709 245 2788; x_wconf 85' lang='lat' dir='ltr'><strong>&#39;Vos</strong></span> <span class='ocrx_word' id='word_1_179' title='bbox 266 2729 366 2792; x_wconf 90' lang='lat' dir='ltr'><strong>certe</strong></span> <span class='ocrx_word' id='word_1_180' title='bbox 388 2718 711 2792; x_wconf 78' lang='lat' dir='ltr'><strong>exheredaverunt</strong></span> <span class='ocrx_word' id='word_1_181' title='bbox 734 2713 871 2810; x_wconf 88' lang='lat' dir='ltr'><strong>semper</strong></span> <span class='ocrx_word' id='word_1_182' title='bbox 894 2713 929 2790; x_wconf 75' lang='grc' dir='ltr'><strong>δι</strong></span> <span class='ocrx_word' id='word_1_183' title='bbox 951 2713 1231 2808; x_wconf 85' lang='lat' dir='ltr'><strong>abdicaverunt,</strong></span> 
     </span>
     <span class='ocr_line' id='line_1_27' title="bbox 144 2811 1232 2907; baseline 0 -21"><span class='ocrx_word' id='word_1_184' title='bbox 144 2825 204 2886; x_wconf 74' lang='lat' dir='ltr'><strong>&#39;ut</strong></span> <span class='ocrx_word' id='word_1_185' title='bbox 219 2828 433 2907; x_wconf 79' lang='lat' dir='ltr'><strong>extraneos,</strong></span> <span class='ocrx_word' id='word_1_186' title='bbox 457 2829 501 2890; x_wconf 90' lang='lat' dir='ltr'><strong>ut</strong></span> <span class='ocrx_word' id='word_1_187' title='bbox 518 2817 695 2892; x_wconf 85' lang='lat' dir='ltr'><strong>inimicos.</strong></span> <span class='ocrx_word' id='word_1_188' title='bbox 745 2813 855 2890; x_wconf 89' lang='lat' dir='ltr'><strong>Unde</strong></span> <span class='ocrx_word' id='word_1_189' title='bbox 877 2825 997 2890; x_wconf 88' lang='lat' dir='ltr'><strong>autem</strong></span> <span class='ocrx_word' id='word_1_190' title='bbox 1013 2815 1174 2900; x_wconf 82' lang='lat' dir='ltr'><strong>extranei</strong></span> <span class='ocrx_word' id='word_1_191' title='bbox 1193 2811 1232 2886; x_wconf 82' lang='lat' dir='ltr'><strong>dc</strong></span> 
     </span>
     <span class='ocr_line' id='line_1_28' title="bbox 159 2911 1234 3009; baseline -0.005 -19"><span class='ocrx_word' id='word_1_192' title='bbox 159 2913 296 2990; x_wconf 86' lang='lat' dir='ltr'><strong>inimici</strong></span> <span class='ocrx_word' id='word_1_193' title='bbox 321 2915 510 3009; x_wconf 81' lang='lat' dir='ltr'><strong>Apostolis</strong></span> <span class='ocrx_word' id='word_1_194' title='bbox 539 2915 727 3008; x_wconf 77' lang='lat' dir='ltr'><strong>haretici,</strong></span> <span class='ocrx_word' id='word_1_195' title='bbox 762 2913 899 2989; x_wconf 80' lang='lat' dir='ltr'><strong>nisiex</strong></span> <span class='ocrx_word' id='word_1_196' title='bbox 929 2913 1134 2988; x_wconf 80' lang='lat' dir='ltr'><strong>diversitate</strong></span> <span class='ocrx_word' id='word_1_197' title='bbox 1161 2911 1234 2986; x_wconf 91' lang='lat' dir='ltr'><strong>do-</strong></span> 
     </span>
     <span class='ocr_line' id='line_1_29' title="bbox 140 3005 1234 3112; baseline 0.002 -26"><span class='ocrx_word' id='word_1_198' title='bbox 140 3005 306 3110; x_wconf 70' lang='lat' dir='ltr'><strong>ftlrinaei</strong></span> <span class='ocrx_word' id='word_1_199' title='bbox 333 3017 452 3112; x_wconf 87' lang='lat' dir='ltr'><strong>Quam</strong></span> <span class='ocrx_word' id='word_1_200' title='bbox 466 3017 733 3110; x_wconf 82' lang='lat' dir='ltr'><strong>unusquisque,</strong></span> <span class='ocrx_word' id='word_1_201' title='bbox 760 3011 805 3088; x_wconf 90' lang='lat' dir='ltr'><strong>de</strong></span> <span class='ocrx_word' id='word_1_202' title='bbox 820 3011 883 3088; x_wconf 92' lang='lat' dir='ltr'><strong>suo</strong></span> <span class='ocrx_word' id='word_1_203' title='bbox 902 3013 1074 3109; x_wconf 86' lang='lat' dir='ltr'><strong>arbitrio,</strong></span> <span class='ocrx_word' id='word_1_204' title='bbox 1100 3009 1234 3088; x_wconf 81' lang='lat' dir='ltr'><strong>adver-</strong></span> 
     </span>
     <span class='ocr_line' id='line_1_30' title="bbox 143 3107 975 3208; baseline -0.002 -18"><span class='ocrx_word' id='word_1_205' title='bbox 143 3107 459 3208; x_wconf 74' lang='lat' dir='ltr'><strong>,susnpost010s,</strong></span> <span class='ocrx_word' id='word_1_206' title='bbox 489 3131 550 3189; x_wconf 87' lang='lat' dir='ltr'><strong>aut</strong></span> <span class='ocrx_word' id='word_1_207' title='bbox 590 3115 719 3188; x_wconf 90' lang='lat' dir='ltr'><strong>rotulit</strong></span> <span class='ocrx_word' id='word_1_208' title='bbox 735 3127 797 3190; x_wconf 87' lang='lat' dir='ltr'><strong>aut</strong></span> <span class='ocrx_word' id='word_1_209' title='bbox 811 3109 975 3208; x_wconf 69' lang='lat' dir='ltr'><strong>recepit?</strong></span> 
     </span>
    </p>

    <p class='ocr_par' dir='ltr' id='par_1_8' title="bbox 96 3139 1234 4011">
     <span class='ocr_line' id='line_1_31' title="bbox 139 3139 1234 3311; baseline -0.009 -15"><span class='ocrx_word' id='word_1_210' title='bbox 139 3221 145 3236; x_wconf 86' lang='lat'>&#39;</span> <span class='ocrx_word' id='word_1_211' title='bbox 237 3221 294 3306; x_wconf 85' lang='lat'><strong>38.</strong></span> <span class='ocrx_word' id='word_1_212' title='bbox 320 3211 397 3288; x_wconf 89' lang='lat' dir='ltr'><strong>Illic</strong></span> <span class='ocrx_word' id='word_1_213' title='bbox 422 3215 533 3311; x_wconf 87' lang='lat' dir='ltr'><strong>igitur</strong></span> <span class='ocrx_word' id='word_1_214' title='bbox 555 3139 590 3288; x_wconf 60' lang='lat' dir='ltr'><strong>d</strong></span> <span class='ocrx_word' id='word_1_215' title='bbox 613 3211 865 3307; x_wconf 87' lang='lat' dir='ltr'><strong>scripturarum</strong></span> <span class='ocrx_word' id='word_1_216' title='bbox 892 3211 927 3286; x_wconf 77' lang='lat' dir='ltr'><strong>dr</strong></span> <span class='ocrx_word' id='word_1_217' title='bbox 958 3209 1234 3308; x_wconf 79' lang='lat' dir='ltr'><strong>erpofitionum</strong></span> 
     </span>
     <span class='ocr_line' id='line_1_32' title="bbox 141 3309 1233 3408; baseline 0 -22"><span class='ocrx_word' id='word_1_218' title='bbox 141 3309 340 3388; x_wconf 79' lang='lat' dir='ltr'><strong>&#39;adulterio</strong></span> <span class='ocrx_word' id='word_1_219' title='bbox 372 3311 575 3408; x_wconf 87' lang='lat' dir='ltr'><strong>deputanda</strong></span> <span class='ocrx_word' id='word_1_220' title='bbox 608 3313 688 3408; x_wconf 86' lang='lat' dir='ltr'><strong>est,</strong></span> <span class='ocrx_word' id='word_1_221' title='bbox 730 3311 793 3386; x_wconf 89' lang='lat' dir='ltr'><strong>ubl</strong></span> <span class='ocrx_word' id='word_1_222' title='bbox 824 3311 1008 3388; x_wconf 80' lang='lat' dir='ltr'><strong>diuersitas</strong></span> <span class='ocrx_word' id='word_1_223' title='bbox 1040 3311 1233 3386; x_wconf 87' lang='lat' dir='ltr'><strong>invenitur</strong></span> 
     </span>
     <span class='ocr_line' id='line_1_33' title="bbox 140 3409 1234 3512; baseline 0.005 -29"><span class='ocrx_word' id='word_1_224' title='bbox 140 3409 347 3512; x_wconf 50' lang='lat' dir='ltr'><strong>,dosninm</strong></span> <span class='ocrx_word' id='word_1_225' title='bbox 380 3411 521 3512; x_wconf 86' lang='lat' dir='ltr'><strong>Quibus</strong></span> <span class='ocrx_word' id='word_1_226' title='bbox 535 3413 604 3485; x_wconf 85' lang='lat' dir='ltr'><strong>fuit</strong></span> <span class='ocrx_word' id='word_1_227' title='bbox 617 3411 841 3506; x_wconf 82' lang='lat' dir='ltr'><strong>propositum</strong></span> <span class='ocrx_word' id='word_1_228' title='bbox 858 3411 960 3486; x_wconf 83' lang='lat' dir='ltr'><strong>aliter</strong></span> <span class='ocrx_word' id='word_1_229' title='bbox 975 3409 1146 3504; x_wconf 88' lang='lat' dir='ltr'><strong>docendi,</strong></span> <span class='ocrx_word' id='word_1_230' title='bbox 1163 3433 1234 3488; x_wconf 84' lang='lat' dir='ltr'><strong>ue·</strong></span> 
     </span>
     <span class='ocr_line' id='line_1_34' title="bbox 159 3507 1231 3610; baseline 0.005 -28"><span class='ocrx_word' id='word_1_231' title='bbox 159 3511 294 3590; x_wconf 83' lang='lat' dir='ltr'><strong>ceffitas</strong></span> <span class='ocrx_word' id='word_1_232' title='bbox 308 3511 458 3586; x_wconf 87' lang='lat' dir='ltr'><strong>instituit</strong></span> <span class='ocrx_word' id='word_1_233' title='bbox 468 3513 571 3590; x_wconf 85' lang='lat' dir='ltr'><strong>aliter</strong></span> <span class='ocrx_word' id='word_1_234' title='bbox 580 3507 789 3606; x_wconf 81' lang='lat' dir='ltr'><strong>disponendi</strong></span> <span class='ocrx_word' id='word_1_235' title='bbox 802 3509 1034 3610; x_wconf 79' lang='lat' dir='ltr'><strong>instrumenta</strong></span> <span class='ocrx_word' id='word_1_236' title='bbox 1044 3507 1231 3588; x_wconf 74' lang='lat' dir='ltr'><strong>dodrinae.</strong></span> 
     </span>
     <span class='ocr_line' id='line_1_35' title="bbox 96 3607 1234 3706; baseline 0.002 -24"><span class='ocrx_word' id='word_1_237' title='bbox 96 3659 99 3666; x_wconf 89' lang='lat'>-</span> <span class='ocrx_word' id='word_1_238' title='bbox 158 3607 260 3682; x_wconf 86' lang='lat' dir='ltr'><strong>Alias</strong></span> <span class='ocrx_word' id='word_1_239' title='bbox 270 3611 367 3687; x_wconf 84' lang='lat' dir='ltr'><strong>enim</strong></span> <span class='ocrx_word' id='word_1_240' title='bbox 381 3631 457 3686; x_wconf 91' lang='lat' dir='ltr'><strong>non</strong></span> <span class='ocrx_word' id='word_1_241' title='bbox 471 3607 670 3706; x_wconf 84' lang='lat' dir='ltr'><strong>potuill&#39;cnt</strong></span> <span class='ocrx_word' id='word_1_242' title='bbox 683 3609 786 3686; x_wconf 88' lang='lat' dir='ltr'><strong>aliter</strong></span> <span class='ocrx_word' id='word_1_243' title='bbox 799 3610 954 3706; x_wconf 88' lang='lat' dir='ltr'><strong>docere,</strong></span> <span class='ocrx_word' id='word_1_244' title='bbox 969 3608 1033 3684; x_wconf 88' lang='lat' dir='ltr'><strong>nifi</strong></span> <span class='ocrx_word' id='word_1_245' title='bbox 1049 3609 1152 3684; x_wconf 88' lang='lat' dir='ltr'><strong>aliter</strong></span> <span class='ocrx_word' id='word_1_246' title='bbox 1168 3609 1234 3686; x_wconf 79' lang='lat' dir='ltr'><strong>ba·</strong></span> 
     </span>
     <span class='ocr_line' id='line_1_36' title="bbox 157 3706 1232 3805; baseline 0.006 -23"><span class='ocrx_word' id='word_1_247' title='bbox 157 3706 307 3802; x_wconf 86' lang='lat' dir='ltr'><strong>betent,</strong></span> <span class='ocrx_word' id='word_1_248' title='bbox 335 3729 399 3804; x_wconf 89' lang='lat' dir='ltr'><strong>per</strong></span> <span class='ocrx_word' id='word_1_249' title='bbox 413 3731 491 3804; x_wconf 88' lang='lat' dir='ltr'><strong>quae</strong></span> <span class='ocrx_word' id='word_1_250' title='bbox 508 3711 695 3786; x_wconf 87' lang='lat' dir='ltr'><strong>docerent.</strong></span> <span class='ocrx_word' id='word_1_251' title='bbox 723 3775 726 3786; x_wconf 77' lang='grc'><strong><em>,</em></strong></span> <span class='ocrx_word' id='word_1_252' title='bbox 753 3707 855 3784; x_wconf 89' lang='lat' dir='ltr'><strong>Sicut</strong></span> <span class='ocrx_word' id='word_1_253' title='bbox 870 3712 938 3784; x_wconf 81' lang='lat' dir='ltr'><strong>illis</strong></span> <span class='ocrx_word' id='word_1_254' title='bbox 954 3729 1031 3784; x_wconf 91' lang='lat' dir='ltr'><strong>non</strong></span> <span class='ocrx_word' id='word_1_255' title='bbox 1051 3707 1232 3805; x_wconf 82' lang='lat' dir='ltr'><strong>potuiss&#39;et</strong></span> 
     </span>
     <span class='ocr_line' id='line_1_37' title="bbox 157 3804 1233 3914; baseline 0 -28"><span class='ocrx_word' id='word_1_256' title='bbox 157 3807 352 3886; x_wconf 83' lang='lat' dir='ltr'><strong>succedere</strong></span> <span class='ocrx_word' id='word_1_257' title='bbox 365 3813 573 3914; x_wconf 85' lang='lat' dir='ltr'><strong>corruptela</strong></span> <span class='ocrx_word' id='word_1_258' title='bbox 586 3807 755 3909; x_wconf 73' lang='lat' dir='ltr'><strong>doitrinae</strong></span> <span class='ocrx_word' id='word_1_259' title='bbox 771 3807 867 3906; x_wconf 65' lang='lat' dir='ltr'><strong>eius,</strong></span> <span class='ocrx_word' id='word_1_260' title='bbox 891 3809 945 3888; x_wconf 78' lang='lat' dir='ltr'><strong>ita</strong></span> <span class='ocrx_word' id='word_1_261' title='bbox 964 3804 1119 3886; x_wconf 77' lang='lat' dir='ltr'><strong>&amp;nobis</strong></span> <span class='ocrx_word' id='word_1_262' title='bbox 1136 3807 1233 3886; x_wconf 82' lang='lat' dir='ltr'><strong>inte·</strong></span> 
     </span>
     <span class='ocr_line' id='line_1_38' title="bbox 134 3910 1176 4011; baseline 0.007 -30"><span class='ocrx_word' id='word_1_263' title='bbox 134 3911 140 3932; x_wconf 83' lang='lat'><em>&#39;</em></span> <span class='ocrx_word' id='word_1_264' title='bbox 446 3910 450 3927; x_wconf 92' lang='lat'>&#39;</span> <span class='ocrx_word' id='word_1_265' title='bbox 1062 3910 1176 4011; x_wconf 66' lang='lat' dir='ltr'><strong>print</strong></span> 
     </span>
    </p>
   </div>
   <div class='ocr_carea' id='block_1_7' title="bbox 0 0 1302 4336">
    <p class='ocr_par' dir='ltr' id='par_1_9' title="bbox 0 0 1302 4336">
     <span class='ocr_line' id='line_1_39' title="bbox 0 0 1302 4336; baseline 0 2"><span class='ocrx_word' id='word_1_266' title='bbox 0 0 1302 4336; x_wconf 95' lang='lat' dir='ltr'><strong> </strong></span> 
     </span>
    </p>
   </div>
  </div>
 </body>
</html>
