2572 4336
342 193 888 272 urbanarum·
940 241 971 280 „
1071 215 1121 290 55

73 347 189 430 ussa.
252 353 287 428 Si
317 353 499 450 Philippus
528 371 601 432 tarn
631 355 737 430 facile
767 357 875 430 tinxit
903 355 1121 452 eunuchum,

31 411 38 564 s
69 457 301 556 recogitemus
316 457 530 530 manifestum
547 459 579 530 d
598 455 768 530 exsertam
784 457 1027 552 dignationem
1040 455 1122 532 Do·
1143 453 1149 462 ’

30 577 33 666 1
69 555 147 632 mini
173 553 405 632 intercessrsse.
464 555 615 650 Spiritus
642 553 806 650 Philippo
836 571 1057 650 praeceperat
1081 548 1120 633 ist

29 725 34 760 ,
69 675 141 730 eam
160 655 253 730 viam
267 656 507 747 praetendere3
534 654 641 748 spado
658 653 691 728 u
707 656 779 748 ipse
797 656 964 730 inventus
980 655 1031 728 est
1043 651 1120 730 noir

29 773 31 808 ῑ
69 753 219 846 otiosus,
245 755 314 828 irec
337 757 395 846 qui
413 753 529 830 subito
553 757 663 850 tingui
681 755 968 848 concupisceret:
995 753 1053 830 sed
1077 755 1120 832 ad

28 851 31 946 ζ
68 857 231 948 tempium
247 853 371 928 orandi
389 857 499 952 gratia
514 853 697 948 professus
716 854 894 948 scriptura
909 855 1037 932 divinae
1056 855 1122 962 ing-¹

65 952 204 1048 pressus.
230 953 278 1026 src
297 957 493 1046 oportebat
507 955 696 1049 deprendi,
719 957 774 1028 cui
793 957 890 1028 uitro
904 953 1003 1028 Deus
1018 953 1119 1047 Apo-

65 1051 188 1138 stolum
206 1051 368 1146 miserat,
395 1053 438 1128 ad
454 1076 558 1146 quern
575 1054 692 1128 rursus
711 1055 872 1148 spiritus,
900 1069 941 1126 ut
960 1051 992 1128 se
1010 1051 1119 1126 curri-

25 1217 26 1220 ,
66 1153 145 1226 culo
167 1152 323 1226 eunuchi
343 1153 570 1252 adjungeret,
594 1153 707 1248 jussit,
730 1149 899 1247 scriptura
915 1152 1119 1246 ipsius'sidei

66 1253 201 1326 occurit
214 1255 250 1326 in
266 1266 452 1348 ternpore,
476 1257 688 1328 exhortatus
703 1252 915 1346 adsumitur,
938 1253 1118 1331 Dominus
1242 1305 1248 1322 .

65 1352 280 1444 ostenditur,
307 1349 393 1426 fides
418 1373 492 1426 non
520 1371 700 1445 moratur,
728 1375 816 1446 aqua
841 1375 917 1426 non
944 1349 1154 1447 exspecta-1

65 1463 149 1544 tur,
181 1449 382 1546 Apostolus
405 1453 566 1548 perfosso
593 1453 743 1550 negotio
773 1453 931 1544 eripitur.
992 1451 1062 1524 Sed
1086 1451 1132 1530 δι’

64 1547 185 1624 Paulus
203 1573 334 1626 revera
358 1554 432 1626 cito
457 1553 584 1628 tinctus
606 1553 666 1628 est.
719 1551 803 1626 Cito
826 1553 919 1626 eninr
934 1544 1120 1648 cognove-

65 1663 117 1721 rat
127 1649 249 1726 Simon
267 1649 396 1746 hospes
411 1676 474 1726 uas
490 1675 570 1726 eum
586 1651 655 1726 esse
671 1651 854 1726 electionis
875 1649 1117 1732 constitutum.

65 1745 130 1822 Dei
151 1751 312 1846 dignatio
330 1751 407 1826 saras
424 1753 606 1850 praemittit
621 1751 899 1850 praerogativam
927 1743 1041 1824 omnis
1059 1772 1119 1848 pe·
1165 1819 1168 1826 .

56 1849 141 1921 titio
160 1851 379 1948 &decipere
401 1851 434 1924 δι
456 1851 721 1949 decipi‘pocest.
774 1850 899 1943 ltaque
915 1871 984 1944 pro
1004 1851 1119 1941 cujus·

68 1965 131 2038 quc
144 1951 303 2044 persona
319 1951 530 2026 conditione
546 1973 587 2024 ac
604 1951 860 2046 dispositione,
889 1952 995 2024 etimn
1015 1961 1120 2022 atate

70 2049 236 2124 cundatio
261 2049 420 2144 baptismi
445 2051 570 2126 utilior
596 2049 664 2126 est:
689 2051 866 2146 praecipue
887 2065 1007 2124 tamen
1024 2049 1120 2121 circa

64 2153 240 2240 paruulos.
305 2151 402 2251 Quid
422 2155 514 2228 enim
534 2149 671 2229 necesse
692 2149 769 2244 est,
801 2142 989 2247 sponsores
1012 2151 1119 2224 etiam

63 2250 217 2338 periculo
241 2249 385 2346 ingeri?
418 2253 498 2343 quia
520 2253 638 2346 &ipsi
658 2269 722 2344 per
745 2253 1000 2324 mortalitatem
1018 2247 1127 2321 desti-¹

62 2357 159 2421 tuere
183 2349 524 2468 promiffioneslsuas
548 2349 718 2446 possunt,
755 2349 996 2444 &prouentu
1019 2351 1119 2424 masec
1148 2344 1152 2352 ’

48 2443 187 2542 ¹‚r'ndosis
206 2447 293 2524 falli.
353 2447 578 2546 Aitquidem
600 2451 798 2544 Dominus,
834 2449 1030 2520 Nostrarum
1050 2469 1120 2542 pru·
1186 2451 1191 2479 '

60 2546 161 2620 hibere
186 2555 226 2620 ad
251 2575 298 2618 me
319 2557 438 2628 venire.
491 2552 651 2624 Veniunt
673 2569 761 2644 ergo
788 2547 871 2622 dum
896 2545 1119 2642 adolescunt,

61 2649 208 2724 veniant
224 2649 308 2722 dum
322 2645 477 2744 discunt,
505 2647 606 2744 dum,
634 2671 706 2744 quo
722 2649 892 2740 veniant,
918 2647 1118 2736 docentur;
1245 2733 1250 2740 Ι

61 2741 146 2820 stant
155 2747 354 2844 Christiani,
367 2769 474 2842 quum
488 2749 663 2823 Christum
679 2747 778 2822 nosse
795 2749 992 2840 potuerint.
1019 2747 1119 2846 Quid

60 2843 199 2920 festinat
231 2853 406 2922 innocens
429 2863 512 2922 aetas
538 2850 579 2923 ad
603 2849 836 2924 remissionem
855 2843 1118 2940 peccatorum?

60 2949 195 3021 cautius
219 2965 343 3044 agetur
368 2951 402 3022 in
429 2947 664 3042 secularibus,
696 2963 738 3021 ut
763 2946 820 3018 cui
839 2945 1027 3023 substantia
1049 2959 1120 3020 ter·
1180 3024 1185 3032 ,

58 3063 145 3120 rena
167 3050 448 3144 moneremur,
484 3047 603 3122 diuino
625 3044 829 3140 credatur,¹
845 3047 969 3122 norint
991 3059 1119 3138 petere

58 3141 231 3239 salutem,
264 3163 305 3220 ut
328 3151 466 3244 petenti
490 3147 618 3232 dedisse
645 3147 811 3221 videaris.
868 3143 959 3218 Non
977 3145 1121 3218 minore

60 3245 106 3320 de
127 3245 242 3321 caussis
261 3249 400 3344 innupti
425 3271 568 3342 quoque
592 3245 896 3342 procrastinandi,
929 3247 964 3318 in
990 3245 1117 3334 quibus
1257 3303 1259 3316 .

60 3348 416 3442 tentatioprrcparata
433 3347 568 3422 esttam
582 3349 777 3446 uirginibus
790 3345 1118 3440 permaturitutem,
1146 3374 1149 3384 ·
1217 3433 1220 3442 .

64 3465 162 3538 quam
192 3448 309 3520 viduis
335 3469 399 3542 per
428 3451 684 3546 vagationem,
724 3447 841 3524 donec
871 3458 932 3516 aut
957 3445 1117 3546 nubant,
1160 3453 1163 3460 ’

66 3559 123 3616 aut
144 3547 375 3620 continentia
403 3547 700 3622 corroborentur.
757 3544 795 3618 Si
820 3543 880 3634 qui
902 3543 1042 3636 pondus
1065 3543 1118 3616 in·

68 3645 224 3742 telligatur
253 3645 439 3742 baptismi,
476 3651 585 3744 magis
618 3645 795 3722 timebunt
824 3641 1118 3718 consecutionem

67 3761 169 3834 quam
186 3747 411 3840 dilationemr
438 3739 524 3822 fides
542 3749 681 3847 integra
694 3743 815 3833 secura
833 3741 882 3816 est
895 3743 939 3818 de
956 3743 1082 3818 salute.

464 3987 474 4004 .
529 3939 613 4040 ur
665 3941 670 3948 ’
887 3937 940 4040 1²9·
959 3939 1072 4030 Dienr
