2572 4336
342 229 418 284 nn
466 208 838 289 Bnertsmo.
964 263 971 276 -
1074 229 1122 308 53

58 365 125 446 Sed
142 369 243 444 circa
258 369 445 444 haereticos
459 373 539 444 sane
554 369 637 462 quid
653 369 919 449 custodiendum
931 369 993 463 stt,
1013 369 1122 467 digne.

58 471 132 564 quis
162 467 355 560 retradet3
389 471 432 542 ad
456 492 524 544 nos
554 471 648 546 enim
673 471 804 548 editum
827 469 888 544 est.
947 469 1120 546 Haeretici

57 582 175 644 autern
195 569 333 644 nullum
355 569 487 642 habent
510 569 730 643 consortium
755 569 883 644 nostre
909 567 1117 666 discipline,

58 690 148 762 quos
175 682 370 742 extraneos
398 671 522 762 utique
543 669 690 742 testatur
713 667 785 762 ipsa
809 670 988 764 ademptio
1021 691 1119 744 conr·

54 768 322 844 mussitationis.
390 767 481 842 Non
506 769 623 842 debeo
645 770 681 842 in
710 769 777 840 illis
802 767 992 864 agnoscere
1018 765 1119 860 quod

54 867 137 951 mihi
164 865 217 940 est
241 881 483 962 praeceptum,
517 869 599 959 quia
623 867 818 942 nunidem
846 867 945 942 Deus
973 865 1023 942 est
1049 869 1118 942 no·'

51 963 105 1040 bis
132 966 166 1040 dt
186 967 279 1059 illis,
319 987 387 1040 nec
411 987 502 1040 unus
523 965 705 1060 Christus,
731 965 767 1042 id
787 965 836 1039 est
855 967 958 1042 idern.
1010 965 1116 1065 Ideo-¹

55 1085 123 1157 que
147 1087 216 1138 nec
242 1065 433 1158 baptifinus
454 1087 572 1163 unus,
613 1065 695 1157 quia
720 1087 796 1140 non
821 1065 926 1140 idem.
994 1069 1115 1172 Quem

53 1183 158 1258 quum
185 1165 258 1238 rite
287 1185 362 1238 non
392 1165 573 1259 habeant,
610 1165 682 1240 fine
706 1163 817 1238 dubio
847 1183 923 1238 non
957 1163 1113 1261 babent,

53 1285 119 1338 nec
152 1265 251 1358 capit
278 1263 482 1356 numerari,
525 1264 623 1358 quod
645 1285 720 1340 non
749 1265 920 1338 habetur:
963 1265 1013 1338 ita
1043 1283 1114 1338 nec

52 1359 194 1458 poliunt
220 1365 412 1457 accipere,
454 1367 534 1456 quia
561 1385 638 1438 non
670 1365 814 1438 habent.
878 1361 948 1436 Sed
975 1363 1020 1438 de
1045 1362 1113 1438 isto·

53 1465 188 1556 plenius
216 1465 291 1556 jam
318 1465 423 1538 nobis
453 1467 489 1536 in
517 1463 647 1538 Graeco
677 1463 845 1558 digestum
876 1461 935 1538 est.
996 1459 1114 1536 Semel

55 1581 137 1658 ergo
160 1565 347 1636 lavacrum
361 1563 510 1656 inimus,
538 1561 642 1636 semel
660 1561 784 1636 delicta
802 1561 1003 1656 diluuntur,
1030 1555 1112 1654 quia*

56 1683 95 1734 ea
109 1663 225 1736 iterari
241 1684 321 1736 non
339 1675 500 1758 oportet.
536 1661 705 1734 Ceterum
722 1659 824 1734 Israel
839 1659 977 1752 judeus
992 1661 1112 1751 quoti·

19 1737 26 1852 3*
57 1759 109 1832 die
123 1761 242 1856 lavat,
261 1763 346 1855 quia
360 1761 523 1854 quotidie
537 1763 750 1854 inquinatur.
801 1757 913 1856 Quod
932 1777 978 1832 ne
993 1757 1030 1860 in
1044 1750 1111 1857 ηοξ

19 1855 24 1896 r
57 1859 107 1934 bis
128 1882 274 1954 quoque
297 1861 541 1954 saltitaretur,
577 1873 770 1956 propterea
795 1859 840 1934 de
862 1879 938 1932 uno
961 1860 1110 1932 lavacro

62 1955 232 2035 delinitum
248 1961 312 2036 est.
362 1959 464 2036 Felix
478 1981 567 2053 aqua
587 1981 664 2051 quae
682 1957 786 2034 semel
808 1957 940 2050 abluit,
968 1957 1111 2048 quaelu·
1209 1983 1218 1996 ·

20 2071 21 2076 ’
63 2055 183 2132 dribrio
210 2061 467 2156 peccatoribus
491 2058 669 2152 nonest,
707 2079 783 2150 quae
803 2077 880 2130 non
902 2056 1110 2140 adsiduitate

60 2153 203 2234 sordium
220 2159 373 2253 insctla,
399 2160 535 2252 rursus,
562 2157 654 2251 quos
672 2157 793 2250 diluit,
820 2157 990 2250 inquinat.
1099 2155 1101 2166 '
1165 2171 1168 2178 ’
1211 2164 1217 2175 ’

20 2299 22 2334 :
127 2262 179 2332 16.
205 2259 271 2334 Est
292 2259 434 2351 quidem
450 2261 555 2332 nobis
578 2258 683 2332 etiam
702 2255 891 2334 secundum
908 2259 1107 2348 lavacrum,

21 2353 22 2360 ’
58 2359 206 2432 unum&
228 2358 363 2454 ipsum,
390 2355 561 2456 sanguinis
578 2355 729 2432 scilicet:
755 2355 798 2428 de
820 2375 895 2446 quo
913 2353 1107 2446 Dominus,

21 2541 23 2548 ,
59 2455 177 2536 Hales.
203 2457 341 2552 inquit,
366 2459 515 2556 baptismo
530 2461 650 2550 tingui.
679 2477 785 2548 quum
798 2447 1108 2546 jantinttusfuts-

21 2549 23 2572 '
58 2549 117 2630 set.
141 2555 305 2632 Venerat
318 2559 411 2632 eninr
425 2579 625 2656 peraquam
639 2554 678 2630 o
687 2557 886 2648 sanguinem,
899 2552 1108 2646 ncutJoan·

21 2699 23 2712 .
57 2671 117 2724 nes
133 2653 284 2750 scripsit,
311 2669 352 2731 ut
366 2679 456 2750 aqua
472 2657 721 2753 tingueretur,
747 2653 909 2749 sanguine
929 2648 1105 2749 glorifica
1148 2703 1150 2714 .

21 2765 25 2800 ¹
55 2766 160 2828 setus.
217 2755 372 2832 Proinde
392 2771 433 2830 ut
454 2777 522 2830 nos
542 2755 678 2830 faceret
702 2775 791 2844 aqua
814 2765 1000 2848 vocatos,
1031 2747 1104 2822 san·

54 2851 155 2944 garine
180 2856 338 2949 elesius,
372 2856 439 2930 hos
466 2856 556 2932 duos
578 2851 768 2948 baptismos
794 2853 838 2924 de
858 2853 1008 2926 vulnere
1024 2867 1104 2944 per·
1200 2909 1204 2930 ,

55 2947 127 3024 sossr
145 2953 261 3028 lateris
278 2955 410 3032 emissrt
461 2956 556 3056 Quia
573 2955 633 3047 qui
653 2956 691 3030 iu
713 2953 913 3048 sanguinem
936 2953 1011 3042 ejus
1028 2969 1103 3020 ere-

57 3046 197 3144 derent,
231 3077 319 3148 aqua
340 3055 564 3132 lavarentur:
597 3055 657 3146 qui
678 3074 767 3144 aqua
786 3049 969 3140 lavillcut,
996 3049 1104 3122 etiam

23 3199 24 3234 ᾗ
56 3145 246 3246 sanguinem
270 3167 451 3250 potarent.
510 3153 580 3228 Hic
605 3152 656 3228 est
678 3149 894 3244 baptismus,
927 3147 988 3239 qui
1006 3147 1104 3218 lava·

23 3243 24 3254 '
57 3267 148 3420 chop·
181 3251 214 3324 u
245 3275 322 3328 non
353 3250 823 3349 acceptumrepraesentat,
861 3245 1102 3360 deperditum
1149 3339 1153 3352 .

57 3364 94 3420 te
138 3365 175 3424 rt.

128 3469 179 3540 17.
204 3449 368 3546 Superest
385 3454 427 3527 ad
444 3451 725 3527 concludendam
740 3445 961 3524 materiolam
977 3445 1020 3519 de
1036 3445 1100 3518 ob·

24 3609 25 3614 ,
64 3536 251 3624 servatione
286 3573 429 3646 quoque
462 3552 564 3624 dandi
598 3552 630 3624 dr
663 3545 857 3642 accipiendi
891 3543 1101 3638 baptismum

65 3649 366 3726 commonefacere.
423 3649 542 3724 Dandi
566 3650 707 3742 quidem
733 3649 842 3722 habet
864 3647 920 3736 jus
946 3643 1098 3720 summus

64 3733 232 3844 sacerdos,
258 3751 318 3846 qui
339 3749 389 3825 est
407 3747 616 3844 Episcopus.
671 3745 816 3822 Dehinc
837 3739 1100 3837 Presbyteri&
1175 3745 1181 3760 '

62 3831 228 3940 Ducant,
270 3871 348 3928 uon
384 3865 505 3926 tamen
545 3849 615 3923 sine
651 3843 820 3948 Episcopi
861 3841 1097 3942 atteteritate,

470 3945 628 4080 312³
966 3957 1048 4043 ΡΝ·
