2596 4336
271 192 279 219 ““
310 195 315 205 ’
364 195 434 282 'aa‘
460 225 631 290 eunus·
659 190 892 289 Cu'urset
1093 223 1164 304 523

87 375 266 452 minante
295 385 378 444 curn
401 369 573 467 gradatim
595 370 690 446 ordo
720 369 931 462 deducitur,
969 365 1014 446 td
1036 359 1170 442 Christi
1252 400 1254 409 ·

91 471 357 563 nativitatem,
394 471 480 566 quid
515 471 609 546 aliud
640 491 743 566 quam
779 491 864 546 caro
899 467 971 564 ipsa
1007 467 1175 544 Abraha-

92 569 130 646 ἀ
163 569 321 661 David,
363 589 430 663 per
459 570 620 666 singulos
656 569 839 670 traducem
877 569 927 643 sui
959 567 1095 642 faciens
1130 571 1170 645 iu
1281 570 1283 589 ¹

90 671 277 766 virginem
303 689 417 766 usquc
440 669 652 758 describitur
674 667 833 746 inserens
858 667 1054 744 Christum:
1090 668 1166 740 imo

92 769 170 872 ipse
207 765 365 842 Christus
397 769 610 866 producitur
639 770 684 844 de
711 768 882 868 virginei
918 768 989 842 Sed
1018 767 1054 841 u
1077 765 1183 840 Pau-¹

91 871 181 962 lus,
221 883 354 962 utpote
386 869 544 962 eiusdem
582 869 760 967 evangelii
793 869 828 944 dt
860 867 1083 966 discipulus,
1131 863 1177 940 δι’

92 967 291 1066 magister,
326 965 504 1074 discitis,
539 991 609 1068 qua
629 969 788 1064 ejusdem
813 967 941 1058 Christi
967 967 1166 1070 apostolus,

93 1066 486 1144 confirmacchristum
507 1062 704 1146 exsemine
727 1067 851 1145 David
877 1066 1069 1146 secundum
1092 1085 1168 1140 car·

91 1183 212 1260 nem,
246 1170 372 1260 utique
397 1169 513 1264 ipsius.
573 1167 674 1270 Ergo
706 1169 907 1248 exsemine
933 1167 1055 1242 David
1080 1187 1167 1240 earo

95 1267 242 1344 Christi.
294 1267 364 1342 Sed
382 1265 574 1349 secundum
589 1269 713 1346 Mariae
731 1290 873 1346 carnem
889 1291 933 1342 ex
948 1267 1080 1342 semine
1093 1267 1167 1340 Da·

95 1368 186 1442 vid:
220 1389 309 1464 ergo
333 1389 378 1441 ex
402 1369 526 1444 Mariae
548 1389 656 1442 carne
682 1365 756 1464 est,
789 1371 872 1444 dum
897 1391 942 1443 ex
967 1367 1097 1444 semine
1117 1365 1170 1442 est

95 1467 235 1546 David.
288 1469 521 1566 Quocunque
535 1468 729 1544 detorseris
744 1465 895 1564 diuum,
922 1482 983 1545 aut
999 1489 1044 1542 ex
1060 1489 1169 1542 carne

97 1567 152 1642 est
167 1567 314 1659 Mariae,
342 1567 440 1664 quod
461 1589 508 1648 ex
526 1568 655 1643 semine
672 1567 723 1642 est
738 1561 881 1658 David;
908 1581 970 1641 aut
985 1591 1031 1642 ex
1043 1565 1168 1642 David
1286 1595 1288 1602 ‘

97 1667 235 1746 semine
257 1667 327 1757 esi,
354 1667 454 1760 quod
472 1691 518 1742 ex
539 1689 647 1762 carne
669 1665 720 1742 est
737 1667 870 1744 Mariae.
921 1665 1058 1742 Totam
1073 1667 1168 1744 hanc

98 1767 386 1846 controversiam
403 1767 536 1846 dirimit
548 1767 644 1844 idem
660 1764 859 1864 apostolus,
869 1765 980 1864 ipsum
994 1763 1168 1842 definiens

99 1867 172 1942 eise
196 1867 350 1942 Abrahae
366 1866 495 1960 iernen
557 1867 649 1951 Cum
667 1865 871 1960 Abraham,
903 1871 1029 1961 utique
1049 1869 1168 1942 mirito
1266 1924 1275 1934 .

97 1970 214 2064 magis
230 1965 373 2063 David,
393 1967 485 2060 quusi
500 1970 725 2044 recentioris.
776 1967 962 2044 Retexens
977 1967 1071 2046 enirn
1085 1987 1170 2061 pro-

98 2067 297 2149 minonem
324 2065 582 2146 bmediuionis
602 2070 790 2146 nationum
814 2071 853 2146 in
879 2069 1027 2146 nomine
1054 2065 1181 2140 Abra«.

99 2169 205 2258 hum,
233 2167 267 2240 dt
285 2177 322 2240 m
331 2169 451 2257 semim
467 2185 521 2239 ruo
535 2171 755 2242 benedicentur
766 2193 871 2250 omnes
888 2177 1051 2242 nationes:
1073 2185 1168 2260 non,

99 2267 244 2364 inquit,
277 2267 367 2342 dixit
382 2269 559 2358 limitibus
580 2281 749 2361 tanquam
772 2269 817 2343 de
839 2269 1019 2362 pluribus,
1045 2267 1105 2344 sod
1118 2269 1181 2355 se.-

100 2365 575 2465 m1m2tanquamdeuno,
602 2367 768 2462 quodest
781 2367 953 2446 Christus.
1003 2369 1079 2466 Qui
1091 2365 1170 2440 haec

100 2467 253 2566 tegimus
283 2467 547 2564 decredimus,
585 2489 690 2560 quam
721 2468 890 2542 debemus
922 2467 957 2542 dr
986 2463 1169 2562 possumus

103 2565 299 2664 agnoscere
317 2567 355 2644 in
375 2565 518 2654 Christo
539 2569 653 2644 carnis
677 2567 914 2662 qualitatem?
948 2567 1074 2658 utique
1092 2585 1171 2644 non

102 2668 237 2758 eiiam,
269 2687 373 2762 quam
397 2665 588 2746 Abraham.
645 2667 826 2761 Siquidem
849 2661 966 2743 se'men
987 2665 1170 2742 Abraham

102 2763 276 2845 Christus.
327 2767 410 2842 Nec
424 2771 527 2844 aliam
546 2790 649 2861 quam
666 2767 777 2864 iesse,
803 2767 973 2862 siquidem
987 2789 1033 2842 err
1048 2767 1171 2840 radice

102 2863 196 2966 Jeue
219 2866 289 2940 flos
311 2865 482 2945 Christus.
532 2867 616 2944 Nec
638 2869 741 2950 uliam
763 2889 867 2962 quam
886 2867 1034 2961 Dauid,
1065 2864 1171 2956 nqui-

104 2967 188 3042 dem
208 2965 344 3042 fruetus
368 2967 563 3042 ceronsis
585 2967 708 3046 David
729 2967 902 3046 Christus.
961 2968 1045 3042 Nec
1068 2967 1172 3040 aliam

103 3087 211 3160 quam
232 3087 277 3140 ex
296 3065 431 3162 isuaia,
457 3065 625 3163 siquidem
650 3091 696 3144 ex
719 3065 846 3142 Mariae
868 3081 976 3144 utero
998 3063 1182 3143 Christus.
1259 3113 1267 3131 ·

9 3247 10 3250 i
102 3163 155 3242 Et
176 3167 293 3240 adhuc
307 3163 486 3260 superius:
510 3189 581 3244 nee
596 3169 698 3242 asiam
715 3189 818 3260 quam
837 3163 973 3260 Adam,
998 3163 1171 3258 siquidem

100 3263 280 3342 secundus
303 3264 418 3342 Adam
436 3265 605 3344 Christus.
664 3265 897 3360 Consequens
917 3287 1006 3364 ergo
1024 3263 1095 3358 est,
1128 3273 1175 3340 ut

9 3435 10 3464 ‚
103 3381 169 3440 aut
185 3367 268 3441 illos
282 3363 471 3460 spiritalem
489 3389 633 3444 carnem
649 3360 805 3444 habuisse
822 3367 1068 3458 contendant,
1094 3381 1171 3460 quo

102 3467 232 3542 cadem
250 3466 416 3540 conditio
434 3467 633 3542 substantio
652 3469 848 3544 deducatur
863 3469 901 3542 in
920 3462 1084 3558 Christo,
1108 3475 1174 3538 sut

105 3567 313 3642 concedant
330 3587 473 3642 carnem
489 3565 618 3641 Christi
637 3567 826 3664 spiritaiem
845 3588 922 3646 non
942 3561 1068 3664 fuisse,
1092 3583 1175 3660 qun

103 3683 184 3744 non
199 3667 245 3742 de
262 3663 406 3760 spirituli
424 3665 533 3764 stirpe
550 3666 724 3744 censetur.

112 3762 116 3770 ’
180 3787 238 3862 23.
263 3767 333 3841 Sed
346 3765 567 3864 agnoscimus
581 3767 763 3864 adimpleri
774 3765 1024 3861 propheticam
1034 3781 1175 3840 vocem

105 3867 314 3962 simeonis,
338 3865 443 3962 super
464 3865 581 3946 adhuc
597 3883 782 3948 receuoen
797 3866 972 3951 refutem
987 3865 1175 3964 dominun

1037 3983 1123 4064 1110·

512 4144 516 4206 1
