2602 4336
177 247 249 334 290
315 228 364 333 Q.
390 217 1101 318 strr.rron.'rmor1,1m

176 409 281 489 quam
309 391 428 468 adhuc
459 389 636 466 dominus.
685 387 738 461 At
766 389 831 462 ubi
861 385 1028 462 universa
1056 385 1241 482 perfecit,

174 487 357 590 ipsumque
379 485 441 564 vel
464 491 615 564 maxime
637 489 839 581 hominem,
868 489 928 580 qui
952 488 1104 581 proprie
1125 487 1245 560 domi·

174 607 243 670 nus
266 587 556 667 &intelleiturus
572 602 666 682 erat,
694 589 858 662 dominus
876 589 983 662 etiarn
1000 587 1240 684 cognomina·

176 703 298 783 ortus,
324 705 412 764 tunc
432 691 537 764 etiam
556 685 720 762 dominus
735 709 868 761 nomen
886 685 1057 780 adjunxit.
1122 689 1174 758 Er
1188 711 1238 758 ac-

176 800 257 891 cepit
281 799 369 862 Deus
391 792 558 877 minus,
590 789 745 860 hominem
763 811 850 886 quem
864 790 995 880 finxit3
1024 787 1073 857 Et
1093 793 1239 884 precepit

174 897 319 966 dominus
343 896 442 965 Deus.
503 879 562 964 Ac
585 883 714 961 exinde
741 888 906 960 dominus
927 887 987 978 qui
1002 865 1113 958 ‘retro
1137 885 1237 960 Deus

176 1001 347 1084 tanturn,
381 1009 426 1065 ex
453 1007 527 1080 quo
552 983 703 1082 habuit,
741 991 839 1082 eujus
866 983 963 1060 effer.
1012 983 1112 1062 Nam
1135 985 1237 1060 Dete

174 1092 239 1168 fibi
258 1103 362 1184 erat,
395 1087 502 1162 rebus
527 1101 645 1162 autem
669 1100 758 1168 tunc
780 1087 881 1160 Deus
900 1103 980 1158 cum
1003 1083 1039 1157 dt
1055 1085 1236 1160 dominus.

175 1189 288 1288 igitur
299 1191 336 1264 in
348 1201 516 1282 quantum
527 1189 669 1280 putabit
681 1185 764 1260 ideo
776 1183 958 1260 materiam
968 1182 1111 1278 semper
1123 1184 1240 1291 iffi,

176 1291 258 1384 quia
278 1287 443 1362 dominus
458 1283 593 1380 semper
614 1283 719 1360 esset:
744 1283 781 1358 in
799 1297 938 1361 tantum
956 1283 1141 1358 constabit
1155 1286 1240 1358 nihil

104 1447 116 1466 2
175 1383 297 1484 nine,
325 1388 406 1480 quia
425 1385 563 1460 constat
577 1386 762 1460 dominum
779 1405 855 1457 non
869 1383 1005 1478 semper
1021 1383 1138 1458 fuine.
1167 1385 1240 1458 Ad·
1279 1437 1280 1450 1

172 1485 291 1584 jiciam
311 1486 429 1582 &ego
446 1500 596 1579 propter
612 1503 690 1560 non
702 1485 957 1580 intelligentes,
975 1491 1135 1578 qnorum
1150 1483 1240 1558 Her·
1279 1531 1280 1542 1

174 1608 346 1684 mogenes
367 1580 527 1660 extrema
545 1587 639 1659 linea
660 1583 727 1660 estt
753 1585 1006 1677 &quidemex
1023 1587 1239 1680 paenitentia

175 1688 270 1763 illius
297 1686 520 1778 retorquebo
549 1685 715 1760 adversus
738 1686 849 1760 illum.
900 1681 991 1758 Cum
1011 1686 1110 1758 enim
1131 1697 1240 1784 neget

176 1787 359 1864 materiam
380 1799 497 1858 natam
520 1784 743 1878 1111111111,
769 1784 816 1857 sre
836 1803 981 1878 quoque
1000 1783 1162 1858 invenio
1180 1785 1239 1857 do

176 1886 262 1960 mini
286 1904 420 1958 nomen
440 1883 524 1957 Deo
549 1903 625 1957 non
647 1881 853 1978 competisse
870 1885 907 1956 in
926 1883 1132 1958 materiam:
1162 1885 1240 1976 quia

176 1983 288 2059 libera
304 1983 411 2056 fuerit
426 1979 565 2056 necesse
580 1981 651 2078 est,
677 2005 755 2076 quae
771 1985 945 2080 originem
958 2003 1036 2056 non
1051 1981 1239 2078 habendo,

176 2103 255 2158 non
286 2079 410 2158 habuit
435 2081 643 2172 audiorem3
682 2084 781 2176 quod
807 2097 883 2156 erat
907 2082 1041 2158 nemini
1065 2081 1239 2158 serviens.

175 2181 301 2273 ltaque
317 2201 362 2255 ex
377 2201 450 2274 quo
467 2181 568 2254 Deus
581 2182 793 2276 potestatem
807 2183 900 2256 suam
914 2181 1078 2256 exercuit
1091 2183 1130 2254 in
1150 2205 1239 2276 eam,

176 2279 343 2358 sarciendo
363 2303 408 2354 ex
423 2283 586 2354 materia:
614 2283 735 2356 exilio
751 2283 898 2355 materia
913 2283 1101 2356 dominum
1120 2281 1240 2356 Deum

65 2373 72 2385 ’
177 2379 296 2477 passa,
333 2377 551 2454 demonstrat
575 2381 676 2476 hoc,
707 2382 808 2455 illurn
835 2393 907 2457 tam
932 2379 995 2456 ‹u'u
1021 2401 1105 2456 non
1138 2379 1238 2456 suiss'e

178 2499 283 2580 quam
299 2477 358 2552 diu
370 2478 440 2552 suit
453 2482 538 2555 hoc.

251 2599 286 2670 4.
313 2575 409 2652 Hinc
433 2575 585 2670 denique
606 2575 771 2677 incipiam
791 2577 836 2654 de
855 2579 1003 2655 materia
1025 2579 1237 2676 remeare,

179 2679 278 2768 quod
301 2697 379 2751 eam
396 2677 493 2750 Deus
515 2679 576 2752 sibi
600 2695 803 2774 comparet,
830 2679 983 2776 proinde
1001 2697 1083 2752 non
1104 2697 1235 2775 natam,

176 2773 331 2870 proinde
352 2797 429 2849 non
449 2773 596 2872 fartam,
627 2777 781 2872 proinde
805 2795 991 2855 aeternam:
1021 2779 1099 2854 fine
1121 2783 1237 2874 initio,

176 2876 250 2950 srne
274 2869 346 2948 fine
370 2877 563 2968 proposita.
628 2879 719 2980 Quis
744 2880 837 2952 enim
863 2879 949 2951 alins
980 2877 1052 2951 Dei
1090 2879 1237 2974 census,

162 2993 283 3066 ι11111111
302 2973 510 3049 aeternitas?
538 2976 614 3068 quis
638 2978 725 3050 alius
745 2979 953 3052 eternitatis
971 2977 1109 3071 status,
1136 2999 1238 3072 qnam

176 3073 313 3166 semper
333 3073 433 3148 fuisse
455 3073 767 3171 1111111111111,
787 3099 832 3150 ex
849 3079 1093 3174 praerogativa
1107 3081 1235 3152 nullius

176 3169 269 3248 initii
286 3173 319 3246 &
335 3175 465 3246 nullius
483 3171 592 3247 finis?
618 3175 702 3250 Hoc
718 3177 741 3251 sr
757 3177 829 3252 Dei
848 3175 898 3250 est
910 3177 1118 3274 proprium,
1135 3177 1235 3252 solim

175 3268 249 3345 Dei
268 3277 360 3364 erit,
387 3271 488 3365 cujus
510 3269 561 3348 est
577 3276 772 3367 proprium.
824 3275 894 3350 Sed
910 3277 991 3370 qnia
1009 3275 1090 3350 &st
1112 3275 1171 3351 alii
1186 3275 1237 3350 ad-
1273 3275 1274 3304 ³

175 3366 368 3466 scribatur,
392 3367 550 3464 jamnon
566 3373 634 3446 erit
649 3371 717 3448 Dei
732 3378 939 3470 proprium,
965 3373 1025 3450 sed
1041 3395 1237 3476 commune
1273 3441 1274 3446 1

129 3549 140 3563 p
175 3483 258 3542 cum
281 3489 327 3543 eo
345 3469 402 3542 cui
425 3469 459 3542 &
479 3465 695 3548 adscribitur.
748 3473 842 3550 Nam
866 3475 899 3548 dr
919 3474 943 3549 ii
963 3471 1072 3572 sunt,
1109 3481 1173 3571 qui
1192 3474 1236 3550 di
1273 3475 1274 3483 '

175 3580 307 3640 cuntur
325 3569 408 3663 Dii,
434 3567 509 3644 sive
524 3566 562 3644 in
581 3573 698 3667 coelo,
724 3575 797 3650 srve
814 3573 852 3650 in
868 3587 965 3648 terra
982 3575 1162 3652 nomine:
1187 3571 1245 3649 tei

173 3678 292 3740 tetum
311 3685 402 3741 1111111
419 3663 521 3743 Deus
542 3685 664 3765 pater,
697 3693 743 3748 ex
762 3695 836 3768 qno
854 3673 994 3750 omniat
1028 3695 1110 3768 quo
1131 3665 1242 3772 magit'

174 3765 268 3858 apud
286 3783 354 3838 nos
370 3767 475 3841 solius
494 3769 564 3844 Dei
581 3769 651 3845 effe
668 3771 820 3870 debeat,
846 3773 944 3868 quod
958 3773 1031 3848 Dei
1046 3777 1236 3873 proprium

172 3863 244 3940 est:
266 3862 303 3939 &
319 3878 361 3942 ut
380 3863 536 3963 dirijam
552 3887 629 3948 non
643 3876 831 3970 proprium
849 3869 961 3974 esset,
988 3876 1074 3971 quia
1085 3875 1238 4051 erigetur
