<?xml version="1.0" encoding="UTF-8"?>
<!DOCTYPE html PUBLIC "-//W3C//DTD XHTML 1.0 Transitional//EN"
    "http://www.w3.org/TR/xhtml1/DTD/xhtml1-transitional.dtd">
<html xmlns="http://www.w3.org/1999/xhtml" xml:lang="en" lang="en">
 <head>
  <title>
</title>
<meta http-equiv="Content-Type" content="text/html;charset=utf-8" />
  <meta name='ocr-system' content='tesseract 3.04.00' />
  <meta name='ocr-capabilities' content='ocr_page ocr_carea ocr_par ocr_line ocrx_word'/>
</head>
<body>
  <div class='ocr_page' id='page_1' title='image "./operaomnia00tertgoog_0080.png"; bbox 0 0 2572 4336; ppageno 0'>
   <div class='ocr_carea' id='block_1_1' title="bbox 176 137 1113 298">
    <p class='ocr_par' dir='ltr' id='par_1_1' title="bbox 176 137 1113 298">
     <span class='ocr_line' id='line_1_1' title="bbox 176 137 1113 298; baseline -0.005 -22"><span class='ocrx_word' id='word_1_1' title='bbox 176 178 252 276; x_wconf 64' lang='lat' dir='ltr'>&#39;do</span> <span class='ocrx_word' id='word_1_2' title='bbox 342 137 1113 298; x_wconf 70' lang='lat' dir='ltr'>Q.Snrr.Fnon.&#39;Tencur,a1srr1</span> 
     </span>
    </p>
   </div>
   <div class='ocr_carea' id='block_1_2' title="bbox 144 357 1273 1450">
    <p class='ocr_par' dir='ltr' id='par_1_2' title="bbox 144 357 1273 1450">
     <span class='ocr_line' id='line_1_2' title="bbox 144 357 1264 456; baseline 0.003 -23"><span class='ocrx_word' id='word_1_3' title='bbox 144 443 148 452; x_wconf 21' lang='lat'><strong>⁴</strong></span> <span class='ocrx_word' id='word_1_4' title='bbox 201 357 311 450; x_wconf 88' lang='lat' dir='ltr'>nique</span> <span class='ocrx_word' id='word_1_5' title='bbox 325 357 509 454; x_wconf 85' lang='lat' dir='ltr'>prohiberi</span> <span class='ocrx_word' id='word_1_6' title='bbox 525 361 666 454; x_wconf 80' lang='lat' dir='ltr'>nuptias</span> <span class='ocrx_word' id='word_1_7' title='bbox 679 381 851 456; x_wconf 81' lang='lat' dir='ltr'><strong>nusquam</strong></span> <span class='ocrx_word' id='word_1_8' title='bbox 866 361 1014 436; x_wconf 89' lang='lat' dir='ltr'>omnino</span> <span class='ocrx_word' id='word_1_9' title='bbox 1029 359 1205 455; x_wconf 80' lang='lat' dir='ltr'>legimus,</span> <span class='ocrx_word' id='word_1_10' title='bbox 1223 368 1264 436; x_wconf 84' lang='lat' dir='ltr'>nt</span> 
     </span>
     <span class='ocr_line' id='line_1_3' title="bbox 200 455 1263 554; baseline 0 -22"><span class='ocrx_word' id='word_1_11' title='bbox 200 457 339 532; x_wconf 88' lang='lat' dir='ltr'>bonum</span> <span class='ocrx_word' id='word_1_12' title='bbox 356 455 509 532; x_wconf 90' lang='lat' dir='ltr'>scilicet:</span> <span class='ocrx_word' id='word_1_13' title='bbox 532 461 617 554; x_wconf 91' lang='lat' dir='ltr'>quid</span> <span class='ocrx_word' id='word_1_14' title='bbox 633 475 752 538; x_wconf 85' lang='lat' dir='ltr'>tamen</span> <span class='ocrx_word' id='word_1_15' title='bbox 769 464 872 536; x_wconf 89' lang='lat' dir='ltr'>bono</span> <span class='ocrx_word' id='word_1_16' title='bbox 887 460 954 535; x_wconf 91' lang='lat' dir='ltr'>isto</span> <span class='ocrx_word' id='word_1_17' title='bbox 970 461 1096 534; x_wconf 91' lang='lat' dir='ltr'>melius</span> <span class='ocrx_word' id='word_1_18' title='bbox 1113 457 1180 532; x_wconf 82' lang='lat' dir='ltr'>su:</span> <span class='ocrx_word' id='word_1_19' title='bbox 1209 480 1263 532; x_wconf 87' lang='lat' dir='ltr'>ac·</span> 
     </span>
     <span class='ocr_line' id='line_1_4' title="bbox 203 555 1261 656; baseline -0.002 -26"><span class='ocrx_word' id='word_1_20' title='bbox 203 557 351 648; x_wconf 84' lang='lat' dir='ltr'>cipimus</span> <span class='ocrx_word' id='word_1_21' title='bbox 378 559 422 631; x_wconf 89' lang='lat' dir='ltr'>ab</span> <span class='ocrx_word' id='word_1_22' title='bbox 445 555 648 654; x_wconf 89' lang='lat' dir='ltr'>Apostolo,</span> <span class='ocrx_word' id='word_1_23' title='bbox 683 562 916 656; x_wconf 85' lang='lat' dir='ltr'>permittente</span> <span class='ocrx_word' id='word_1_24' title='bbox 941 559 1083 652; x_wconf 87' lang='lat' dir='ltr'>quidem</span> <span class='ocrx_word' id='word_1_25' title='bbox 1105 559 1261 652; x_wconf 79' lang='lat' dir='ltr'>nubere,</span> 
     </span>
     <span class='ocr_line' id='line_1_5' title="bbox 201 653 1261 756; baseline 0.002 -26"><span class='ocrx_word' id='word_1_26' title='bbox 201 653 263 730; x_wconf 87' lang='lat' dir='ltr'>sed</span> <span class='ocrx_word' id='word_1_27' title='bbox 295 654 537 732; x_wconf 84' lang='lat' dir='ltr'>abstinentiam</span> <span class='ocrx_word' id='word_1_28' title='bbox 561 661 800 754; x_wconf 84' lang='lat' dir='ltr'>praeferente:</span> <span class='ocrx_word' id='word_1_29' title='bbox 835 661 1095 756; x_wconf 25' lang='lat' dir='ltr'>illudxpropter</span> <span class='ocrx_word' id='word_1_30' title='bbox 1118 657 1261 732; x_wconf 83' lang='lat' dir='ltr'>infidias</span> 
     </span>
     <span class='ocr_line' id='line_1_6' title="bbox 201 757 1261 856; baseline 0.003 -29"><span class='ocrx_word' id='word_1_31' title='bbox 201 757 463 850; x_wconf 80' lang='lat' dir='ltr'>tentationum,</span> <span class='ocrx_word' id='word_1_32' title='bbox 489 759 563 832; x_wconf 93' lang='lat' dir='ltr'>hoc</span> <span class='ocrx_word' id='word_1_33' title='bbox 578 778 728 856; x_wconf 85' lang='lat' dir='ltr'>propter</span> <span class='ocrx_word' id='word_1_34' title='bbox 749 759 920 856; x_wconf 84' lang='lat' dir='ltr'>angustias</span> <span class='ocrx_word' id='word_1_35' title='bbox 940 775 1168 852; x_wconf 87' lang='lat' dir='ltr'>temporum:</span> <span class='ocrx_word' id='word_1_36' title='bbox 1196 779 1261 850; x_wconf 87' lang='lat' dir='ltr'>qua</span> 
     </span>
     <span class='ocr_line' id='line_1_7' title="bbox 168 855 1262 954; baseline 0.007 -32"><span class='ocrx_word' id='word_1_37' title='bbox 168 917 171 922; x_wconf 84' lang='lat'><em>.</em></span> <span class='ocrx_word' id='word_1_38' title='bbox 201 855 343 928; x_wconf 85' lang='lat' dir='ltr'>ratione</span> <span class='ocrx_word' id='word_1_39' title='bbox 359 857 543 952; x_wconf 90' lang='lat' dir='ltr'>utriusque</span> <span class='ocrx_word' id='word_1_40' title='bbox 564 859 872 954; x_wconf 84' lang='lat' dir='ltr'>pronunciationis</span> <span class='ocrx_word' id='word_1_41' title='bbox 890 857 1062 951; x_wconf 71' lang='lat' dir='ltr'>inspecta,</span> <span class='ocrx_word' id='word_1_42' title='bbox 1089 857 1200 930; x_wconf 86' lang='lat' dir='ltr'>facile</span> <span class='ocrx_word' id='word_1_43' title='bbox 1216 857 1262 930; x_wconf 87' lang='lat' dir='ltr'>di·</span> 
     </span>
     <span class='ocr_line' id='line_1_8' title="bbox 201 951 1273 1048; baseline 0.007 -22"><span class='ocrx_word' id='word_1_44' title='bbox 201 951 390 1048; x_wconf 86' lang='lat' dir='ltr'>noscitur,</span> <span class='ocrx_word' id='word_1_45' title='bbox 423 959 624 1046; x_wconf 76' lang='lat' dir='ltr'>necessitate</span> <span class='ocrx_word' id='word_1_46' title='bbox 649 961 754 1034; x_wconf 85' lang='lat' dir='ltr'>nobis</span> <span class='ocrx_word' id='word_1_47' title='bbox 783 957 981 1034; x_wconf 77' lang='lat' dir='ltr'>concessam</span> <span class='ocrx_word' id='word_1_48' title='bbox 1007 953 1075 1030; x_wconf 82' lang='lat' dir='ltr'>ess‘e</span> <span class='ocrx_word' id='word_1_49' title='bbox 1100 953 1273 1034; x_wconf 74' lang='lat' dir='ltr'>nubendi</span> 
     </span>
     <span class='ocr_line' id='line_1_9' title="bbox 201 1052 1261 1152; baseline 0.006 -28"><span class='ocrx_word' id='word_1_50' title='bbox 201 1052 441 1147; x_wconf 85' lang='lat' dir='ltr'>potestatem:</span> <span class='ocrx_word' id='word_1_51' title='bbox 472 1057 568 1148; x_wconf 92' lang='lat' dir='ltr'>quod</span> <span class='ocrx_word' id='word_1_52' title='bbox 591 1073 709 1134; x_wconf 91' lang='lat' dir='ltr'>autem</span> <span class='ocrx_word' id='word_1_53' title='bbox 732 1060 912 1134; x_wconf 84' lang='lat' dir='ltr'>necessrtas</span> <span class='ocrx_word' id='word_1_54' title='bbox 940 1055 1101 1152; x_wconf 86' lang='lat' dir='ltr'>praestat,</span> <span class='ocrx_word' id='word_1_55' title='bbox 1135 1055 1261 1152; x_wconf 77' lang='lat' dir='ltr'>depre-</span> 
     </span>
     <span class='ocr_line' id='line_1_10' title="bbox 202 1153 1260 1256; baseline 0.001 -31"><span class='ocrx_word' id='word_1_56' title='bbox 202 1153 276 1228; x_wconf 86' lang='lat' dir='ltr'>ciat</span> <span class='ocrx_word' id='word_1_57' title='bbox 290 1153 372 1248; x_wconf 89' lang='lat' dir='ltr'>ipsa.</span> <span class='ocrx_word' id='word_1_58' title='bbox 424 1155 536 1256; x_wconf 88' lang='lat' dir='ltr'>Quod</span> <span class='ocrx_word' id='word_1_59' title='bbox 555 1158 708 1250; x_wconf 87' lang='lat' dir='ltr'>denique</span> <span class='ocrx_word' id='word_1_60' title='bbox 729 1157 896 1252; x_wconf 83' lang='lat' dir='ltr'>scriptum</span> <span class='ocrx_word' id='word_1_61' title='bbox 914 1157 982 1250; x_wconf 87' lang='lat' dir='ltr'>est,</span> <span class='ocrx_word' id='word_1_62' title='bbox 1005 1157 1129 1228; x_wconf 74' lang='lat' dir='ltr'>Melius</span> <span class='ocrx_word' id='word_1_63' title='bbox 1144 1155 1188 1254; x_wconf 69' lang='grc' dir='ltr'>ιβ</span> <span class='ocrx_word' id='word_1_64' title='bbox 1203 1179 1260 1226; x_wconf 74' lang='grc' dir='ltr'>πι-</span> 
     </span>
     <span class='ocr_line' id='line_1_11' title="bbox 202 1253 1259 1350; baseline 0.008 -30"><span class='ocrx_word' id='word_1_65' title='bbox 202 1253 287 1326; x_wconf 79' lang='lat' dir='ltr'>iere,</span> <span class='ocrx_word' id='word_1_66' title='bbox 314 1277 407 1350; x_wconf 82' lang='lat' dir='ltr'>quam</span> <span class='ocrx_word' id='word_1_67' title='bbox 430 1259 497 1339; x_wconf 82' lang='lat' dir='ltr'>uri,</span> <span class='ocrx_word' id='word_1_68' title='bbox 524 1257 626 1348; x_wconf 90' lang='lat' dir='ltr'>quale</span> <span class='ocrx_word' id='word_1_69' title='bbox 646 1261 719 1332; x_wconf 91' lang='lat' dir='ltr'>hoc</span> <span class='ocrx_word' id='word_1_70' title='bbox 735 1261 871 1332; x_wconf 92' lang='lat' dir='ltr'>bonum</span> <span class='ocrx_word' id='word_1_71' title='bbox 888 1255 959 1348; x_wconf 86' lang='lat' dir='ltr'>est,</span> <span class='ocrx_word' id='word_1_72' title='bbox 986 1269 1133 1348; x_wconf 87' lang='lat' dir='ltr'>orote,</span> <span class='ocrx_word' id='word_1_73' title='bbox 1162 1255 1259 1346; x_wconf 80' lang='lat' dir='ltr'>quos</span> 
     </span>
     <span class='ocr_line' id='line_1_12' title="bbox 201 1355 1258 1450; baseline 0 -22"><span class='ocrx_word' id='word_1_74' title='bbox 201 1355 282 1428; x_wconf 84' lang='lat' dir='ltr'>mali</span> <span class='ocrx_word' id='word_1_75' title='bbox 301 1355 521 1445; x_wconf 87' lang='lat' dir='ltr'>comparatio</span> <span class='ocrx_word' id='word_1_76' title='bbox 536 1358 787 1432; x_wconf 75' lang='lat' dir='ltr'>commendati</span> <span class='ocrx_word' id='word_1_77' title='bbox 807 1357 861 1430; x_wconf 94' lang='lat' dir='ltr'>Ut</span> <span class='ocrx_word' id='word_1_78' title='bbox 874 1357 957 1429; x_wconf 92' lang='lat' dir='ltr'>ideo</span> <span class='ocrx_word' id='word_1_79' title='bbox 971 1357 1095 1430; x_wconf 86' lang='lat' dir='ltr'>meiius</span> <span class='ocrx_word' id='word_1_80' title='bbox 1107 1355 1258 1450; x_wconf 84' lang='lat' dir='ltr'>nubere,</span> 
     </span>
    </p>
   </div>
   <div class='ocr_carea' id='block_1_3' title="bbox 74 1449 1258 1548">
    <p class='ocr_par' dir='ltr' id='par_1_3' title="bbox 74 1449 1258 1548">
     <span class='ocr_line' id='line_1_13' title="bbox 74 1449 1258 1548; baseline 0.005 -26"><span class='ocrx_word' id='word_1_81' title='bbox 74 1474 78 1483; x_wconf 91' lang='lat'>·</span> <span class='ocrx_word' id='word_1_82' title='bbox 203 1454 285 1544; x_wconf 88' lang='lat' dir='ltr'>quia</span> <span class='ocrx_word' id='word_1_83' title='bbox 305 1449 460 1526; x_wconf 89' lang='lat' dir='ltr'>deterius</span> <span class='ocrx_word' id='word_1_84' title='bbox 479 1453 530 1528; x_wconf 92' lang='lat' dir='ltr'>est</span> <span class='ocrx_word' id='word_1_85' title='bbox 545 1459 609 1529; x_wconf 90' lang='lat' dir='ltr'>uri.</span> <span class='ocrx_word' id='word_1_86' title='bbox 661 1456 713 1532; x_wconf 89' lang='lat' dir='ltr'>At</span> <span class='ocrx_word' id='word_1_87' title='bbox 730 1459 824 1532; x_wconf 89' lang='lat' dir='ltr'>enim</span> <span class='ocrx_word' id='word_1_88' title='bbox 837 1470 973 1548; x_wconf 93' lang='lat' dir='ltr'>quanto</span> <span class='ocrx_word' id='word_1_89' title='bbox 989 1455 1113 1528; x_wconf 89' lang='lat' dir='ltr'>melius</span> <span class='ocrx_word' id='word_1_90' title='bbox 1132 1451 1187 1526; x_wconf 83' lang='lat' dir='ltr'>est</span> <span class='ocrx_word' id='word_1_91' title='bbox 1205 1477 1258 1528; x_wconf 76' lang='lat' dir='ltr'>ne</span> 
     </span>
    </p>
   </div>
   <div class='ocr_carea' id='block_1_4' title="bbox 203 1553 1257 1648">
    <p class='ocr_par' dir='ltr' id='par_1_4' title="bbox 203 1539 1273 1652">
     <span class='ocr_line' id='line_1_14' title="bbox 203 1553 1257 1648; baseline 0.006 -26"><span class='ocrx_word' id='word_1_92' title='bbox 203 1571 274 1645; x_wconf 87' lang='lat' dir='ltr'>que</span> <span class='ocrx_word' id='word_1_93' title='bbox 289 1553 424 1626; x_wconf 86' lang='lat' dir='ltr'>nubere</span> <span class='ocrx_word' id='word_1_94' title='bbox 440 1575 557 1648; x_wconf 83' lang='lat' dir='ltr'>neque</span> <span class='ocrx_word' id='word_1_95' title='bbox 574 1555 655 1630; x_wconf 76' lang='lat' dir='ltr'>uris</span> <span class='ocrx_word' id='word_1_96' title='bbox 685 1557 756 1632; x_wconf 89' lang='lat' dir='ltr'>Sed</span> <span class='ocrx_word' id='word_1_97' title='bbox 774 1559 879 1631; x_wconf 87' lang='lat' dir='ltr'>etiam</span> <span class='ocrx_word' id='word_1_98' title='bbox 894 1555 932 1627; x_wconf 93' lang='lat' dir='ltr'>in</span> <span class='ocrx_word' id='word_1_99' title='bbox 951 1554 1257 1647; x_wconf 84' lang='lat' dir='ltr'>persecutionibus</span> 
     </span>
    </p>
   </div>
   <div class='ocr_carea' id='block_1_5' title="bbox 45 1651 1273 1850">
    <p class='ocr_par' dir='ltr' id='par_1_5' title="bbox 45 1651 1273 1850">
     <span class='ocr_line' id='line_1_15' title="bbox 56 1651 1256 1754; baseline 0 -28"><span class='ocrx_word' id='word_1_100' title='bbox 56 1696 61 1702; x_wconf 96' lang='lat'>-</span> <span class='ocrx_word' id='word_1_101' title='bbox 199 1653 327 1726; x_wconf 83' lang='lat' dir='ltr'>melius</span> <span class='ocrx_word' id='word_1_102' title='bbox 345 1651 395 1728; x_wconf 86' lang='lat' dir='ltr'>est</span> <span class='ocrx_word' id='word_1_103' title='bbox 410 1674 454 1726; x_wconf 81' lang='lat' dir='ltr'>eu</span> <span class='ocrx_word' id='word_1_104' title='bbox 473 1655 638 1747; x_wconf 87' lang='lat' dir='ltr'>permissu</span> <span class='ocrx_word' id='word_1_105' title='bbox 658 1657 781 1754; x_wconf 83' lang='lat' dir='ltr'>fugere</span> <span class='ocrx_word' id='word_1_106' title='bbox 800 1653 844 1729; x_wconf 91' lang='lat' dir='ltr'>de</span> <span class='ocrx_word' id='word_1_107' title='bbox 863 1655 999 1748; x_wconf 87' lang='lat' dir='ltr'>oppido</span> <span class='ocrx_word' id='word_1_108' title='bbox 1017 1653 1055 1726; x_wconf 92' lang='lat' dir='ltr'>in</span> <span class='ocrx_word' id='word_1_109' title='bbox 1070 1651 1256 1748; x_wconf 84' lang='lat' dir='ltr'>oppidum,</span> 
     </span>
     <span class='ocr_line' id='line_1_16' title="bbox 45 1753 1273 1850; baseline 0.005 -28"><span class='ocrx_word' id='word_1_110' title='bbox 45 1806 48 1818; x_wconf 80' lang='grc'>.</span> <span class='ocrx_word' id='word_1_111' title='bbox 202 1771 307 1842; x_wconf 91' lang='lat' dir='ltr'>quam</span> <span class='ocrx_word' id='word_1_112' title='bbox 335 1753 568 1846; x_wconf 84' lang='lat' dir='ltr'>compressum</span> <span class='ocrx_word' id='word_1_113' title='bbox 592 1755 626 1830; x_wconf 79' lang='lat' dir='ltr'>dc</span> <span class='ocrx_word' id='word_1_114' title='bbox 652 1757 837 1830; x_wconf 86' lang='lat' dir='ltr'>distortum</span> <span class='ocrx_word' id='word_1_115' title='bbox 863 1773 1020 1850; x_wconf 81' lang='lat' dir='ltr'>negarc3</span> <span class='ocrx_word' id='word_1_116' title='bbox 1055 1761 1168 1844; x_wconf 84' lang='lat' dir='ltr'>atque</span> <span class='ocrx_word' id='word_1_117' title='bbox 1196 1753 1273 1828; x_wconf 87' lang='lat' dir='ltr'>isto</span> 
     </span>
    </p>
   </div>
   <div class='ocr_carea' id='block_1_6' title="bbox 110 1849 1273 3342">
    <p class='ocr_par' dir='ltr' id='par_1_6' title="bbox 110 1849 1273 3342">
     <span class='ocr_line' id='line_1_17' title="bbox 201 1849 1258 1952; baseline 0.004 -28"><span class='ocrx_word' id='word_1_118' title='bbox 201 1851 307 1924; x_wconf 90' lang='lat' dir='ltr'>beata</span> <span class='ocrx_word' id='word_1_119' title='bbox 322 1849 381 1926; x_wconf 87' lang='lat' dir='ltr'>est.</span> <span class='ocrx_word' id='word_1_120' title='bbox 434 1850 579 1928; x_wconf 86' lang='lat' dir='ltr'>Idemve</span> <span class='ocrx_word' id='word_1_121' title='bbox 597 1856 655 1944; x_wconf 89' lang='lat' dir='ltr'>qui</span> <span class='ocrx_word' id='word_1_122' title='bbox 670 1869 824 1952; x_wconf 79' lang='lat' dir='ltr'>negent,</span> <span class='ocrx_word' id='word_1_123' title='bbox 849 1856 944 1928; x_wconf 87' lang='lat' dir='ltr'>beati</span> <span class='ocrx_word' id='word_1_124' title='bbox 963 1851 1160 1926; x_wconf 84' lang='lat' dir='ltr'>testimonii</span> <span class='ocrx_word' id='word_1_125' title='bbox 1179 1875 1258 1928; x_wconf 81' lang='lat' dir='ltr'>con</span> 
     </span>
     <span class='ocr_line' id='line_1_18' title="bbox 200 1948 1259 2046; baseline 0.005 -23"><span class='ocrx_word' id='word_1_126' title='bbox 200 1949 350 2024; x_wconf 81' lang='lat' dir='ltr'>sessione</span> <span class='ocrx_word' id='word_1_127' title='bbox 368 1951 545 2027; x_wconf 86' lang='lat' dir='ltr'>excidere.</span> <span class='ocrx_word' id='word_1_128' title='bbox 595 1951 737 2028; x_wconf 84' lang='lat' dir='ltr'>Possum</span> <span class='ocrx_word' id='word_1_129' title='bbox 755 1955 896 2046; x_wconf 86' lang='lat' dir='ltr'>dicere,</span> <span class='ocrx_word' id='word_1_130' title='bbox 924 1948 1021 2046; x_wconf 77' lang='lat' dir='ltr'>qdod</span> <span class='ocrx_word' id='word_1_131' title='bbox 1040 1953 1259 2044; x_wconf 67' lang='lat' dir='ltr'>permittitur</span> 
     </span>
     <span class='ocr_line' id='line_1_19' title="bbox 200 2047 1273 2144; baseline 0.001 -20"><span class='ocrx_word' id='word_1_132' title='bbox 200 2069 280 2124; x_wconf 85' lang='lat' dir='ltr'>non</span> <span class='ocrx_word' id='word_1_133' title='bbox 303 2047 354 2122; x_wconf 91' lang='lat' dir='ltr'>est</span> <span class='ocrx_word' id='word_1_134' title='bbox 372 2051 529 2144; x_wconf 92' lang='lat' dir='ltr'>bonum,</span> <span class='ocrx_word' id='word_1_135' title='bbox 556 2051 640 2144; x_wconf 89' lang='lat' dir='ltr'>quid</span> <span class='ocrx_word' id='word_1_136' title='bbox 654 2052 773 2126; x_wconf 76' lang='lat' dir='ltr'>enims</span> <span class='ocrx_word' id='word_1_137' title='bbox 806 2051 959 2126; x_wconf 86' lang='lat' dir='ltr'>Necesse</span> <span class='ocrx_word' id='word_1_138' title='bbox 979 2051 1031 2125; x_wconf 87' lang='lat' dir='ltr'>est</span> <span class='ocrx_word' id='word_1_139' title='bbox 1046 2051 1140 2123; x_wconf 90' lang='lat' dir='ltr'>mori</span> <span class='ocrx_word' id='word_1_140' title='bbox 1157 2053 1273 2137; x_wconf 67' lang='lat' dir='ltr'>mihin</span> 
     </span>
     <span class='ocr_line' id='line_1_20' title="bbox 201 2145 1260 2248; baseline 0.004 -26"><span class='ocrx_word' id='word_1_141' title='bbox 201 2145 227 2222; x_wconf 82' lang='lat' dir='ltr'>fi</span> <span class='ocrx_word' id='word_1_142' title='bbox 241 2147 368 2240; x_wconf 91' lang='lat' dir='ltr'>ploro:</span> <span class='ocrx_word' id='word_1_143' title='bbox 394 2150 615 2245; x_wconf 89' lang='lat' dir='ltr'>bonumest,</span> <span class='ocrx_word' id='word_1_144' title='bbox 639 2149 810 2246; x_wconf 87' lang='lat' dir='ltr'>sstimeo,</span> <span class='ocrx_word' id='word_1_145' title='bbox 832 2151 930 2244; x_wconf 87' lang='lat' dir='ltr'>quod</span> <span class='ocrx_word' id='word_1_146' title='bbox 943 2151 1191 2248; x_wconf 85' lang='lat' dir='ltr'>permittitur,</span> <span class='ocrx_word' id='word_1_147' title='bbox 1217 2151 1260 2226; x_wconf 88' lang='lat' dir='ltr'>su·</span> 
     </span>
     <span class='ocr_line' id='line_1_21' title="bbox 201 2245 1272 2350; baseline 0.007 -30"><span class='ocrx_word' id='word_1_148' title='bbox 201 2245 353 2342; x_wconf 67' lang='lat' dir='ltr'>spedam</span> <span class='ocrx_word' id='word_1_149' title='bbox 369 2249 477 2324; x_wconf 90' lang='lat' dir='ltr'>habet</span> <span class='ocrx_word' id='word_1_150' title='bbox 496 2253 725 2344; x_wconf 77' lang='lat' dir='ltr'>pernitionis</span> <span class='ocrx_word' id='word_1_151' title='bbox 744 2253 811 2350; x_wconf 80' lang='lat' dir='ltr'>suae</span> <span class='ocrx_word' id='word_1_152' title='bbox 832 2249 1001 2326; x_wconf 84' lang='lat' dir='ltr'>caussam:</span> <span class='ocrx_word' id='word_1_153' title='bbox 1025 2249 1124 2342; x_wconf 91' lang='lat' dir='ltr'>quod</span> <span class='ocrx_word' id='word_1_154' title='bbox 1143 2267 1272 2328; x_wconf 44' lang='lat' dir='ltr'>auten*</span> 
     </span>
     <span class='ocr_line' id='line_1_22' title="bbox 201 2317 1272 2446; baseline 0.007 -25"><span class='ocrx_word' id='word_1_155' title='bbox 201 2347 328 2421; x_wconf 89' lang='lat' dir='ltr'>melius</span> <span class='ocrx_word' id='word_1_156' title='bbox 346 2347 415 2442; x_wconf 87' lang='lat' dir='ltr'>est,</span> <span class='ocrx_word' id='word_1_157' title='bbox 440 2369 547 2426; x_wconf 89' lang='lat' dir='ltr'>nemo</span> <span class='ocrx_word' id='word_1_158' title='bbox 557 2353 738 2446; x_wconf 76' lang='lat' dir='ltr'>permisit,</span> <span class='ocrx_word' id='word_1_159' title='bbox 757 2364 799 2426; x_wconf 91' lang='lat' dir='ltr'>ut</span> <span class='ocrx_word' id='word_1_160' title='bbox 816 2351 1052 2424; x_wconf 90' lang='lat' dir='ltr'>indubitatum</span> <span class='ocrx_word' id='word_1_161' title='bbox 1070 2349 1104 2420; x_wconf 79' lang='lat' dir='ltr'>dr</span> <span class='ocrx_word' id='word_1_162' title='bbox 1120 2347 1185 2424; x_wconf 88' lang='lat' dir='ltr'>sua</span> <span class='ocrx_word' id='word_1_163' title='bbox 1203 2317 1272 2440; x_wconf 60' lang='lat' dir='ltr'>fin]</span> 
     </span>
     <span class='ocr_line' id='line_1_23' title="bbox 203 2447 1258 2546; baseline 0.006 -26"><span class='ocrx_word' id='word_1_164' title='bbox 203 2447 353 2522; x_wconf 80' lang='lat' dir='ltr'>cecitate</span> <span class='ocrx_word' id='word_1_165' title='bbox 367 2448 599 2526; x_wconf 81' lang='lat' dir='ltr'>manifestum.</span> <span class='ocrx_word' id='word_1_166' title='bbox 647 2451 736 2524; x_wconf 90' lang='lat' dir='ltr'>Non</span> <span class='ocrx_word' id='word_1_167' title='bbox 752 2464 946 2546; x_wconf 85' lang='lat' dir='ltr'>propterea</span> <span class='ocrx_word' id='word_1_168' title='bbox 961 2449 1166 2544; x_wconf 81' lang='lat' dir='ltr'>appetenda</span> <span class='ocrx_word' id='word_1_169' title='bbox 1185 2451 1258 2526; x_wconf 87' lang='lat' dir='ltr'>suot</span> 
     </span>
     <span class='ocr_line' id='line_1_24' title="bbox 202 2539 1256 2644; baseline 0.009 -26"><span class='ocrx_word' id='word_1_170' title='bbox 202 2539 381 2644; x_wconf 77' lang='lat' dir='ltr'>duaedam,</span> <span class='ocrx_word' id='word_1_171' title='bbox 408 2551 490 2643; x_wconf 89' lang='lat' dir='ltr'>quia</span> <span class='ocrx_word' id='word_1_172' title='bbox 510 2573 588 2627; x_wconf 92' lang='lat' dir='ltr'>non</span> <span class='ocrx_word' id='word_1_173' title='bbox 603 2564 795 2643; x_wconf 86' lang='lat' dir='ltr'>vetantur,</span> <span class='ocrx_word' id='word_1_174' title='bbox 821 2549 883 2624; x_wconf 88' lang='lat' dir='ltr'>etsr</span> <span class='ocrx_word' id='word_1_175' title='bbox 906 2549 1178 2642; x_wconf 89' lang='lat' dir='ltr'>quodammodo</span> <span class='ocrx_word' id='word_1_176' title='bbox 1205 2575 1256 2628; x_wconf 78' lang='lat' dir='ltr'>ve</span> 
     </span>
     <span class='ocr_line' id='line_1_25' title="bbox 202 2649 1256 2744; baseline 0.008 -27"><span class='ocrx_word' id='word_1_177' title='bbox 202 2657 354 2744; x_wconf 86' lang='lat' dir='ltr'>tantur,</span> <span class='ocrx_word' id='word_1_178' title='bbox 373 2671 452 2722; x_wconf 91' lang='lat' dir='ltr'>cum</span> <span class='ocrx_word' id='word_1_179' title='bbox 469 2651 536 2724; x_wconf 86' lang='lat' dir='ltr'>alia</span> <span class='ocrx_word' id='word_1_180' title='bbox 550 2653 616 2725; x_wconf 88' lang='lat' dir='ltr'>iilis</span> <span class='ocrx_word' id='word_1_181' title='bbox 635 2650 889 2744; x_wconf 69' lang='lat' dir='ltr'>preferuntur:</span> <span class='ocrx_word' id='word_1_182' title='bbox 918 2649 1079 2742; x_wconf 83' lang='lat' dir='ltr'>praelatio</span> <span class='ocrx_word' id='word_1_183' title='bbox 1096 2649 1199 2724; x_wconf 88' lang='lat' dir='ltr'>enim</span> <span class='ocrx_word' id='word_1_184' title='bbox 1215 2653 1256 2725; x_wconf 88' lang='lat' dir='ltr'>su</span> 
     </span>
     <span class='ocr_line' id='line_1_26' title="bbox 201 2747 1257 2842; baseline 0.006 -21"><span class='ocrx_word' id='word_1_185' title='bbox 201 2748 325 2842; x_wconf 86' lang='lat' dir='ltr'>perior</span> <span class='ocrx_word' id='word_1_186' title='bbox 343 2747 505 2824; x_wconf 74' lang='lat' dir='ltr'>dissuasio</span> <span class='ocrx_word' id='word_1_187' title='bbox 529 2749 578 2822; x_wconf 88' lang='lat' dir='ltr'>est</span> <span class='ocrx_word' id='word_1_188' title='bbox 598 2747 830 2826; x_wconf 86' lang='lat' dir='ltr'>infinnorum.</span> <span class='ocrx_word' id='word_1_189' title='bbox 879 2747 970 2822; x_wconf 92' lang='lat' dir='ltr'>Non</span> <span class='ocrx_word' id='word_1_190' title='bbox 988 2749 1071 2822; x_wconf 90' lang='lat' dir='ltr'>ideo</span> <span class='ocrx_word' id='word_1_191' title='bbox 1091 2749 1183 2840; x_wconf 89' lang='lat' dir='ltr'>quid</span> <span class='ocrx_word' id='word_1_192' title='bbox 1202 2753 1257 2826; x_wconf 83' lang='lat' dir='ltr'>bo</span> 
     </span>
     <span class='ocr_line' id='line_1_27' title="bbox 201 2847 1256 2944; baseline 0.007 -24"><span class='ocrx_word' id='word_1_193' title='bbox 201 2867 288 2922; x_wconf 88' lang='lat' dir='ltr'>num</span> <span class='ocrx_word' id='word_1_194' title='bbox 307 2847 379 2944; x_wconf 89' lang='lat' dir='ltr'>est,</span> <span class='ocrx_word' id='word_1_195' title='bbox 406 2849 486 2942; x_wconf 84' lang='lat' dir='ltr'>quia</span> <span class='ocrx_word' id='word_1_196' title='bbox 505 2851 636 2926; x_wconf 89' lang='lat' dir='ltr'>malum</span> <span class='ocrx_word' id='word_1_197' title='bbox 650 2849 812 2926; x_wconf 89' lang='lat' dir='ltr'>nonest:</span> <span class='ocrx_word' id='word_1_198' title='bbox 840 2868 908 2921; x_wconf 90' lang='lat' dir='ltr'>nec</span> <span class='ocrx_word' id='word_1_199' title='bbox 929 2849 1013 2922; x_wconf 89' lang='lat' dir='ltr'>ideo</span> <span class='ocrx_word' id='word_1_200' title='bbox 1032 2851 1169 2924; x_wconf 88' lang='lat' dir='ltr'>malum</span> <span class='ocrx_word' id='word_1_201' title='bbox 1178 2871 1256 2926; x_wconf 78' lang='lat' dir='ltr'>noo</span> 
     </span>
     <span class='ocr_line' id='line_1_28' title="bbox 110 2945 1257 3044; baseline 0.011 -31"><span class='ocrx_word' id='word_1_202' title='bbox 110 2997 111 3013; x_wconf 42' lang='lat' dir='ltr'>r</span> <span class='ocrx_word' id='word_1_203' title='bbox 203 2945 279 3041; x_wconf 86' lang='lat' dir='ltr'>est,</span> <span class='ocrx_word' id='word_1_204' title='bbox 306 2949 476 3043; x_wconf 90' lang='lat' dir='ltr'>quianon</span> <span class='ocrx_word' id='word_1_205' title='bbox 492 2949 603 3026; x_wconf 86' lang='lat' dir='ltr'>obest.</span> <span class='ocrx_word' id='word_1_206' title='bbox 654 2949 771 3024; x_wconf 89' lang='lat' dir='ltr'>Porro</span> <span class='ocrx_word' id='word_1_207' title='bbox 790 2951 894 3044; x_wconf 88' lang='lat' dir='ltr'>plene</span> <span class='ocrx_word' id='word_1_208' title='bbox 912 2946 1049 3028; x_wconf 88' lang='lat' dir='ltr'>bonum</span> <span class='ocrx_word' id='word_1_209' title='bbox 1070 2949 1148 3022; x_wconf 91' lang='lat' dir='ltr'>hoc</span> <span class='ocrx_word' id='word_1_210' title='bbox 1166 2965 1257 3026; x_wconf 80' lang='lat' dir='ltr'>ante</span> 
     </span>
     <span class='ocr_line' id='line_1_29' title="bbox 203 3045 1258 3146; baseline 0.004 -28"><span class='ocrx_word' id='word_1_211' title='bbox 203 3047 339 3140; x_wconf 85' lang='lat' dir='ltr'>cedet,</span> <span class='ocrx_word' id='word_1_212' title='bbox 376 3047 475 3142; x_wconf 90' lang='lat' dir='ltr'>quod</span> <span class='ocrx_word' id='word_1_213' title='bbox 499 3071 577 3122; x_wconf 90' lang='lat' dir='ltr'>non</span> <span class='ocrx_word' id='word_1_214' title='bbox 607 3049 719 3124; x_wconf 89' lang='lat' dir='ltr'>modo</span> <span class='ocrx_word' id='word_1_215' title='bbox 751 3071 828 3122; x_wconf 92' lang='lat' dir='ltr'>non</span> <span class='ocrx_word' id='word_1_216' title='bbox 860 3046 991 3142; x_wconf 86' lang='lat' dir='ltr'>obest,</span> <span class='ocrx_word' id='word_1_217' title='bbox 1028 3045 1087 3120; x_wconf 91' lang='lat' dir='ltr'>sed</span> <span class='ocrx_word' id='word_1_218' title='bbox 1117 3047 1258 3146; x_wconf 80' lang='lat' dir='ltr'>insuper</span> 
     </span>
     <span class='ocr_line' id='line_1_30' title="bbox 201 3145 1258 3244; baseline 0.009 -28"><span class='ocrx_word' id='word_1_219' title='bbox 201 3147 359 3244; x_wconf 88' lang='lat' dir='ltr'>prodest.</span> <span class='ocrx_word' id='word_1_220' title='bbox 407 3145 572 3242; x_wconf 87' lang='lat' dir='ltr'>Namque</span> <span class='ocrx_word' id='word_1_221' title='bbox 586 3152 690 3222; x_wconf 85' lang='lat' dir='ltr'>maile</span> <span class='ocrx_word' id='word_1_222' title='bbox 704 3149 831 3238; x_wconf 88' lang='lat' dir='ltr'>debes,</span> <span class='ocrx_word' id='word_1_223' title='bbox 858 3147 955 3239; x_wconf 93' lang='lat' dir='ltr'>quod</span> <span class='ocrx_word' id='word_1_224' title='bbox 969 3145 1135 3240; x_wconf 87' lang='lat' dir='ltr'>prodest,</span> <span class='ocrx_word' id='word_1_225' title='bbox 1157 3167 1258 3242; x_wconf 78' lang='lat' dir='ltr'>quan</span> 
     </span>
     <span class='ocr_line' id='line_1_31' title="bbox 203 3237 1269 3342; baseline -0.006 -22"><span class='ocrx_word' id='word_1_226' title='bbox 203 3247 302 3340; x_wconf 92' lang='lat' dir='ltr'>quod</span> <span class='ocrx_word' id='word_1_227' title='bbox 317 3269 393 3320; x_wconf 90' lang='lat' dir='ltr'>non</span> <span class='ocrx_word' id='word_1_228' title='bbox 409 3247 521 3324; x_wconf 88' lang='lat' dir='ltr'>obest.</span> <span class='ocrx_word' id='word_1_229' title='bbox 572 3247 633 3322; x_wconf 85' lang='lat' dir='ltr'>Ad</span> <span class='ocrx_word' id='word_1_230' title='bbox 651 3251 801 3342; x_wconf 88' lang='lat' dir='ltr'>primum</span> <span class='ocrx_word' id='word_1_231' title='bbox 825 3249 918 3322; x_wconf 89' lang='lat' dir='ltr'>enirn</span> <span class='ocrx_word' id='word_1_232' title='bbox 937 3249 1060 3320; x_wconf 90' lang='lat' dir='ltr'>locum</span> <span class='ocrx_word' id='word_1_233' title='bbox 1075 3237 1269 3324; x_wconf 70' lang='lat' dir='ltr'>certamus</span> 
     </span>
    </p>
   </div>
   <div class='ocr_carea' id='block_1_7' title="bbox 41 3343 1259 3438">
    <p class='ocr_par' dir='ltr' id='par_1_7' title="bbox 41 3343 1259 3438">
     <span class='ocr_line' id='line_1_32' title="bbox 41 3343 1259 3438; baseline 0.003 -18"><span class='ocrx_word' id='word_1_234' title='bbox 41 3363 43 3370; x_wconf 84' lang='lat'>·</span> <span class='ocrx_word' id='word_1_235' title='bbox 185 3369 311 3434; x_wconf 54' lang='lat' dir='ltr'>,omne</span> <span class='ocrx_word' id='word_1_236' title='bbox 328 3346 533 3422; x_wconf 87' lang='lat' dir='ltr'>contendit:</span> <span class='ocrx_word' id='word_1_237' title='bbox 558 3343 731 3424; x_wconf 90' lang='lat' dir='ltr'>secundus</span> <span class='ocrx_word' id='word_1_238' title='bbox 749 3345 909 3420; x_wconf 79' lang='lat' dir='ltr'>solatium</span> <span class='ocrx_word' id='word_1_239' title='bbox 929 3347 1051 3438; x_wconf 87' lang='lat' dir='ltr'>habet,</span> <span class='ocrx_word' id='word_1_240' title='bbox 1070 3344 1259 3424; x_wconf 73' lang='lat' dir='ltr'>uuor-ian</span> 
     </span>
    </p>
   </div>
   <div class='ocr_carea' id='block_1_8' title="bbox 199 3443 1264 3736">
    <p class='ocr_par' dir='ltr' id='par_1_8' title="bbox 199 3443 1264 3736">
     <span class='ocr_line' id='line_1_33' title="bbox 201 3443 1261 3545; baseline 0.003 -26"><span class='ocrx_word' id='word_1_241' title='bbox 201 3447 418 3522; x_wconf 85' lang='lat' dir='ltr'>nonhabet.</span> <span class='ocrx_word' id='word_1_242' title='bbox 475 3445 631 3545; x_wconf 83' lang='lat' dir='ltr'>Quodsi</span> <span class='ocrx_word' id='word_1_243' title='bbox 653 3445 834 3542; x_wconf 86' lang='lat' dir='ltr'>Apostolo</span> <span class='ocrx_word' id='word_1_244' title='bbox 862 3443 1114 3538; x_wconf 81' lang='lat' dir='ltr'>auscultamus,</span> <span class='ocrx_word' id='word_1_245' title='bbox 1155 3445 1261 3522; x_wconf 81' lang='lat' dir='ltr'>obsiti</span> 
     </span>
     <span class='ocr_line' id='line_1_34' title="bbox 199 3543 1264 3642; baseline 0.004 -24"><span class='ocrx_word' id='word_1_246' title='bbox 199 3545 461 3642; x_wconf 87' lang='lat' dir='ltr'>posteriorum,</span> <span class='ocrx_word' id='word_1_247' title='bbox 484 3545 716 3622; x_wconf 81' lang='lat' dir='ltr'>extendamur</span> <span class='ocrx_word' id='word_1_248' title='bbox 729 3549 766 3618; x_wconf 91' lang='lat' dir='ltr'>in</span> <span class='ocrx_word' id='word_1_249' title='bbox 780 3545 922 3638; x_wconf 88' lang='lat' dir='ltr'>priora,</span> <span class='ocrx_word' id='word_1_250' title='bbox 944 3543 1187 3620; x_wconf 73' lang='lat' dir='ltr'>&amp;meliorum</span> <span class='ocrx_word' id='word_1_251' title='bbox 1204 3547 1264 3622; x_wconf 84' lang='lat' dir='ltr'>ds·</span> 
     </span>
     <span class='ocr_line' id='line_1_35' title="bbox 202 3643 1262 3736; baseline 0.003 -14"><span class='ocrx_word' id='word_1_252' title='bbox 202 3647 388 3722; x_wconf 87' lang='lat' dir='ltr'>nationum</span> <span class='ocrx_word' id='word_1_253' title='bbox 405 3645 593 3720; x_wconf 73' lang='lat' dir='ltr'>sestatores</span> <span class='ocrx_word' id='word_1_254' title='bbox 607 3647 721 3722; x_wconf 86' lang='lat' dir='ltr'>fimus.</span> <span class='ocrx_word' id='word_1_255' title='bbox 754 3643 789 3718; x_wconf 80' lang='lat' dir='ltr'>si</span> <span class='ocrx_word' id='word_1_256' title='bbox 806 3646 911 3720; x_wconf 90' lang='lat' dir='ltr'>nobis</span> <span class='ocrx_word' id='word_1_257' title='bbox 927 3645 1091 3736; x_wconf 90' lang='lat' dir='ltr'>laqueum</span> <span class='ocrx_word' id='word_1_258' title='bbox 1106 3667 1191 3722; x_wconf 88' lang='lat' dir='ltr'>non</span> <span class='ocrx_word' id='word_1_259' title='bbox 1205 3649 1262 3725; x_wconf 78' lang='lat' dir='ltr'>itu·</span> 
     </span>
    </p>
   </div>
   <div class='ocr_carea' id='block_1_9' title="bbox 52 3743 1267 3849">
    <p class='ocr_par' dir='ltr' id='par_1_9' title="bbox 52 3743 1267 3849">
     <span class='ocr_line' id='line_1_36' title="bbox 52 3743 1267 3849; baseline -0.004 -30"><span class='ocrx_word' id='word_1_260' title='bbox 52 3825 55 3836; x_wconf 58' lang='grc'><strong>,</strong></span> <span class='ocrx_word' id='word_1_261' title='bbox 200 3745 327 3842; x_wconf 83' lang='lat' dir='ltr'>ponit,</span> <span class='ocrx_word' id='word_1_262' title='bbox 353 3747 435 3838; x_wconf 91' lang='lat' dir='ltr'>quid</span> <span class='ocrx_word' id='word_1_263' title='bbox 458 3747 621 3820; x_wconf 89' lang='lat' dir='ltr'>utilitatis</span> <span class='ocrx_word' id='word_1_264' title='bbox 641 3745 703 3842; x_wconf 84' lang='lat' dir='ltr'>fit,</span> <span class='ocrx_word' id='word_1_265' title='bbox 730 3743 907 3838; x_wconf 89' lang='lat' dir='ltr'>ostendit,</span> <span class='ocrx_word' id='word_1_266' title='bbox 934 3743 1077 3816; x_wconf 90' lang='lat' dir='ltr'>dicens:</span> <span class='ocrx_word' id='word_1_267' title='bbox 1112 3749 1267 3849; x_wconf 63' lang='lat' dir='ltr'>Innupq·</span> 
     </span>
    </p>
   </div>
   <div class='ocr_carea' id='block_1_10' title="bbox 200 3842 1267 4043">
    <p class='ocr_par' dir='ltr' id='par_1_10' title="bbox 200 3842 1267 4043">
     <span class='ocr_line' id='line_1_37' title="bbox 200 3842 1267 3976; baseline 0 -58"><span class='ocrx_word' id='word_1_268' title='bbox 200 3847 236 3918; x_wconf 79' lang='lat' dir='ltr'>de</span> <span class='ocrx_word' id='word_1_269' title='bbox 253 3846 417 3976; x_wconf 54' lang='lat' dir='ltr'>dominici:</span> <span class='ocrx_word' id='word_1_270' title='bbox 429 3851 555 3946; x_wconf 77' lang='lat' dir='ltr'>cogitat,</span> <span class='ocrx_word' id='word_1_271' title='bbox 567 3851 617 3920; x_wconf 76' lang='lat' dir='ltr'>uti</span> <span class='ocrx_word' id='word_1_272' title='bbox 630 3867 749 3950; x_wconf 72' lang='lat' dir='ltr'>surpere</span> <span class='ocrx_word' id='word_1_273' title='bbox 763 3842 1048 3950; x_wconf 64' lang='lat' dir='ltr'>&amp;spiritu-[cussa</span> <span class='ocrx_word' id='word_1_274' title='bbox 1054 3843 1110 3958; x_wconf 68' lang='lat' dir='ltr'>fit.</span> <span class='ocrx_word' id='word_1_275' title='bbox 1144 3849 1267 3948; x_wconf 55' lang='grc' dir='ltr'>Νηρίς</span> 
     </span>
     <span class='ocr_line' id='line_1_38' title="bbox 1121 3969 1218 4043; baseline -0.052 -19"><span class='ocrx_word' id='word_1_276' title='bbox 1121 3969 1218 4043; x_wconf 76' lang='lat' dir='ltr'>vere,</span> 
     </span>
    </p>
   </div>
   <div class='ocr_carea' id='block_1_11' title="bbox 0 0 1290 4336">
    <p class='ocr_par' dir='ltr' id='par_1_11' title="bbox 0 0 1290 4336">
     <span class='ocr_line' id='line_1_39' title="bbox 0 0 1290 4336; baseline 0 0"><span class='ocrx_word' id='word_1_277' title='bbox 0 0 1290 4336; x_wconf 95' lang='lat' dir='ltr'> </span> 
     </span>
    </p>
   </div>
  </div>
 </body>
</html>
