2638 4342
167 199 241 276 poa
305 179 354 280 Q.
378 177 515 258 sarr.
539 177 686 262 Faoa.
712 147 1094 262 Trrrurr‘rrrrr
1130 155 1133 162 ⁴
1276 299 1279 304 Δ

168 341 327 420 lsthietr
341 343 521 420 Dominus
538 363 606 437 pro
627 344 760 420 omuts
778 343 894 420 hostia
909 343 1029 420 fadus.

169 441 306 518 Totam
320 443 475 538 designat
487 457 636 532 terram,
663 445 860 538 specialiter
875 465 980 520 aram.

169 543 326 618 Foederis
338 543 423 616 hinc
437 543 542 616 etiam
558 545 648 620 novi
664 545 887 620 inenarrabilis
906 543 1041 618 audior,

169 641 372 738 Discipulos
386 643 567 736 Joauues,
594 646 724 718 animas
737 661 806 736 pro
819 646 964 719 numine
981 640 1109 736 paffas,

46 783 52 793 ι
169 741 338 816 Testatur
349 743 411 814 tali
428 740 498 814 sese
517 741 639 816 vidiffe
653 741 714 818 sub
735 764 806 823 ara,
904 775 908 780 ·

128 868 132 880 ¹
171 840 372 917 clamantes
392 839 465 912 Dei
479 839 668 918 vindiciam
682 863 751 936 pro
769 842 865 918 caede
879 844 1052 936 potentis.

170 940 278 1016 lsthic
291 940 470 1014 interdum
487 943 645 1032 requies:
671 941 732 1016 sub
752 963 909 1035 corpore
924 956 1029 1016 terra

171 1041 214 1118 In
228 1054 330 1136 parte
344 1039 470 1138 ignota
485 1041 625 1132 quidam
641 1043 745 1116 locus
761 1055 861 1214 Ἢ
876 1057 1029 1136 apertus,

93 1216 99 1225 ,
169 1139 274 1235 Luce
290 1141 349 1216 sua
361 1138 491 1223 fretrus,
517 1140 672 1215 Abrahae
685 1141 776 1214 finus
877 1157 1033 1224 vocatur

104 1333 111 1340 ,
173 1238 332 1314 Altiora
348 1240 529 1319 tenebris,
553 1241 663 1337 longe
677 1239 833 1314 semotus
850 1231 893 1312 ab
912 1241 1004 1336 igne,

172 1341 246 1414 Sub
262 1352 357 1412 terra
370 1351 508 1422 tamen.
535 1339 612 1412 hac
627 1359 687 1412 ara
701 1355 856 1414 vocatur
869 1341 994 1418 ahena,

171 1439 216 1515 In
232 1459 300 1531 qua
315 1439 479 1512 velamen
496 1439 632 1532 pullum
644 1441 921 1514 memoravimus
936 1437 1015 1514 effe.

174 1537 318 1614 Dividit
338 1538 413 1616 haec
434 1551 553 1631 partes
572 1542 691 1614 ambas
717 1559 893 1631 unamque
914 1539 1073 1612 redudit

173 1639 332 1720 Diffitam
346 1639 390 1712 ab
405 1651 556 1718 aterna,
576 1639 715 1712 cultura
730 1639 949 1732 &temporis
969 1637 1044 1720 usu,
1068 1721 1072 1728 ⁴

172 1737 263 1814 Non
279 1735 422 1812 inimica
438 1738 500 1812 fibi
517 1740 677 1831 quamvis
694 1737 849 1812 distantis
862 1739 1005 1818 amoris,

172 1839 358 1932 Tempore
378 1835 488 1910 divisa
502 1835 691 1930 despatio,
718 1839 905 1912 &ratione
922 1837 1038 1936 ligata.

158 1939 257 2017 >una
270 1937 419 2016 domus,
442 1938 706 2030 quamvia-velo
726 1937 858 2030 partita
874 1937 1031 2016 videtur,

31 2086 34 2096 =
171 2036 297 2128 Atque
313 2035 402 2110 adeo
419 2033 517 2129 passo
532 2035 696 2112 Domino
714 2037 893 2112 velamine
907 2050 1029 2128 rupto,

172 2133 643 2234 Cralestespatuereplagae,
669 2137 864 2228 coelataque
878 2133 1006 2216 saroa,

169 2237 298 2330 Atque
310 2235 441 2330 duplex
456 2235 649 2328 quondam,
662 2234 753 2310 faeta
766 2235 817 2310 est
830 2234 957 2310 domus
969 2255 1039 2310 una
1050 2239 1233 2330 pereurris.

224 2359 257 2430 7.
282 2335 436 2413 Interius
450 2337 641 2432 templum,
666 2338 840 2430 populum
852 2335 898 2408 de
916 2335 1063 2410 nomine
1078 2334 1215 2413 Christi

175 2435 317 2512 Coelesti
334 2437 451 2516 cultu,
477 2433 550 2532 ipsa
569 2435 641 2510 Dei
655 2436 819 2512 mandata
833 2434 1050 2526 sequentem,

172 2536 336 2614 Persona
350 2535 409 2608 hic
425 2535 571 2630 proprie
589 2555 694 2616 ver-e,
719 2553 796 2612 non
811 2535 938 2610 umbra
947 2535 1092 2639 ligatur,

167 2635 342 2714 'Perfediis
357 2637 464 2709 rebus
481 2636 703 2730 completum
714 2635 860 2708 tradidit
875 2635 981 2710 ordo

174 2735 274 2810 Area
285 2732 347 2808 sub
366 2737 553 2828 exemplo,
580 2729 713 2828 corpud
729 2735 935 2808 venerabile
953 2731 1081 2810 Christi
1132 2805 1140 2814 .
1224 2792 1230 2808 .
1260 2755 1261 2758 ‘

176 2832 362 2927 Ostendit,
389 2833 489 2908 sacto
504 2855 569 2931 per
586 2835 720 2933 lignum
736 2832 859 2928 spiritu
867 2831 1039 2926 jnnstum.

174 2933 292 3009 Aeria
305 2933 417 3028 pelles
431 2953 535 3022 caro,
560 2955 637 3010 non
653 2955 698 3010 err
713 2932 842 3010 semine
854 2949 951 3015 nata,
1166 2965 1170 2972 ·

173 3031 331 3112 Extensa
346 3035 383 3110 in
400 3035 516 3134 ligno,
539 3035 640 3112 srmul
656 3035 752 3108 intur
769 3032 909 3130 spiritus
929 3031 1056 3108 ardena

172 3133 351 3232 Aurigera
364 3135 481 3231 specie
495 3134 692 3219 conflatus,
714 3135 876 3231 iungitur
894 3135 959 3214 illi,

100 3237 116 3304 '.
172 3233 229 3308 Ut
243 3255 332 3310 earo
346 3256 435 3330 pace
455 3237 554 3321 data,
582 3255 664 3311 cum
751 3236 803 3308 'tu
816 3236 928 3308 mixta
941 3234 1095 3330 vigeret.

174 3331 299 3408 Carnis
316 3335 349 3410 dr
367 3357 457 3410 urna
468 3351 596 3430 typum
610 3334 674 3408 Do
775 3331 848 3408 fert
863 3353 970 3408 aurea
984 3335 1104 3426 plenta

131 3459 135 3466 ·
171 3431 329 3510 Foederis
346 3433 417 3530 ipsa
429 3436 521 3510 novi
538 3432 738 3508 Dominum
753 3432 910 3508 declarat
919 3448 1055 3528 aperte,

170 3529 327 3616 Manna,
352 3536 451 3628 quod
465 3533 516 3610 est
529 3529 814 3629 panistoelestis,
837 3551 968 3612 verua,
985 3533 1030 3606 in
1045 3531 1150 3616 illum

80 3704 84 3713 ,
171 3629 343 3708 Traditur
361 3648 517 3729 epatre,
540 3653 645 3727 quem
660 3633 787 3706 tribuit
800 3651 869 3726 pro
883 3633 1037 3729 pignore
1051 3631 1193 3716 sandeia,
1229 3658 1234 3687 τ

77 3804 81 3812 ,
171 3727 333 3808 Perfedie
350 3734 662 3821 dabithuaciiiir2
688 3735 747 3826 qui
762 3733 907 3808 vincula
921 3733 1020 3825 pacis

133 3874 138 3884 ·
169 3829 511 3932 sempffl'tssmatores
530 3853 682 3931 operum
693 3845 845 3912 tenuere
861 3835 1055 3909 bonorum.
1130 3927 1164 4005 Ε
