2586 4334
14 323 23 332 .
60 271 81 291 ··
196 203 271 326 :³0
343 205 1111 329 Q.szirltaou.'ranrnar.1au1

197 385 454 466 constabilitur.
491 386 631 464 Animae
644 383 923 462 autemsalutem
937 385 1049 460 credo
1064 383 1260 464 retractatu

195 508 331 567 carcre.
382 487 520 564 Omnes
534 490 628 564 enirn
640 487 717 562 sere
730 487 887 562 haretici
902 505 979 560 eam
992 487 1258 578 quoquomodo

183 589 352 686 uolunt,
376 601 585 662 tamennon
603 601 745 684 negant.
796 585 941 660 Viderit
956 607 1048 658 unus
1065 585 1173 678 aliqui
1187 587 1258 660 Lu·

195 709 326 782 canus,
347 709 415 763 nec
434 689 517 762 hiric
530 685 671 780 quidem
685 685 879 762 substantiae
891 705 1064 778 parcens,
1085 707 1191 778 quarn
1209 684 1257 761 se·

194 788 352 872 camduut
367 785 597 862 Aristotelem
609 783 817 880 dissolvens,
835 784 930 858 aliud
942 785 1026 884 qusd
1039 807 1107 878 pro
1123 807 1166 858 ea
1179 783 1257 860 sub-

47 926 52 940 .
189 887 293 985 jicit,
319 889 412 981 quasi
425 887 468 964 fit
481 889 626 962 tertium
641 887 804 980 quiddam
817 881 1110 977 resurrecturum,
1137 903 1255 978 neque

98 1049 102 1060 .
195 989 332 1081 anima,
359 1007 477 1080 neque
495 1009 603 1081 caro,
629 987 664 1059 id
681 986 731 1060 est
746 985 969 1084 nonhomo,
994 981 1164 1056 sedunus
1178 983 1253 1058 for·

193 1087 309 1178 sitan,
331 1099 497 1178 tanquam
513 1087 691 1163 Lucanus.
732 1085 871 1159 ¹Habet
888 1083 921 1158 &
941 1082 1005 1157 istc
1022 1085 1165 1172 anobis
1182 1088 1254 1179 ple·

76 1213 83 1228 “
127 1225 137 1246 ·
192 1185 364 1262 niffimum
383 1185 427 1259 de
444 1188 542 1260 omni
554 1185 647 1259 statu
660 1186 782 1260 animae
798 1181 935 1277 stilum,
961 1203 1066 1274 quam
1081 1185 1252 1276 inprimis

192 1284 431 1360 immortalem
463 1299 633 1378 tuentes,
668 1283 777 1358 solius
804 1282 918 1374 carnis
951 1281 986 1355 ἁ
1016 1280 1254 1358 defettionem

191 1383 414 1482 agnoscimus
429 1381 707 1486 &refesiionem
724 1385 956 1458 cummaxime
969 1381 1178 1476 adserimus,
1200 1403 1252 1457 re·

193 1483 301 1558 datiis
322 1483 359 1558 in
379 1485 596 1560 ordinarium
620 1485 776 1563 mateiiae
803 1503 959 1576 corpus,
991 1481 1141 1574 siqua&
1169 1483 1253 1558 alibi

81 1667 89 1676 ¹
192 1603 264 1678 pro
279 1581 471 1668 caussarum
486 1583 687 1658 incursione
699 1581 886 1678 praestrista
901 1579 1105 1655 distulimus.
1155 1577 1251 1658 Nam

178 1689 235 1756 ‘ut
253 1681 411 1774 quaedam
435 1683 610 1777 praelibari
633 1680 781 1756 solenne
806 1681 876 1756 est:
910 1679 1013 1753 ita&
1037 1678 1173 1752 differri
1192 1701 1252 1756 ne·

191 1779 285 1858 ctss'e
301 1776 370 1873 est,
390 1781 475 1859 dum
487 1784 599 1856 modo
616 1782 842 1878 &praelibata
855 1779 1080 1876 suppleantur
1090 1777 1154 1852 suo
1171 1786 1250 1854 cor·¹

129 1945 136 1956 ,
189 1903 308 1978 pore,
335 1878 497 1955 &dilata
514 1883 706 1956 reddantur
729 1880 792 1954 suo
814 1882 973 1954 nomine.

267 2003 301 2076 3.
326 1977 389 2052 Est
406 1981 547 2073 quidem
572 1979 606 2054 ὰ
628 1979 877 2054 communibus
897 1975 1048 2070 sensibus
1070 1975 1193 2071 sapere
1214 1981 1249 2056 in

187 2075 263 2154 Dei
291 2080 428 2173 rebus,
463 2077 580 2152 sedin
607 2077 849 2152 testimonium
871 2079 972 2172 veri,
998 2099 1074 2152 non
1098 2079 1137 2150 in
1154 2080 1250 2172 adju·

188 2177 326 2252 torium
342 2175 437 2255 falsi:
468 2177 566 2270 quod
590 2177 632 2251 sit
652 2177 843 2252 secundum
864 2177 1043 2272 divinam,
1068 2198 1146 2252 non
1164 2201 1250 2254 con·

188 2289 247 2352 tra
267 2276 423 2352 divinam
441 2276 716 2374 dispositionem.
768 2279 940 2378 Quaedam
958 2279 1050 2352 enim
1071 2277 1250 2354 &natura

188 2373 402 2470 notarunt,
428 2381 476 2450 ut'
489 2377 736 2452 immortalitas
760 2381 882 2452 animae
900 2400 1010 2472 penes
1037 2379 1184 2472 plures,
1209 2385 1250 2452 ut

187 2473 292 2552 Deus
318 2475 440 2550 noster
463 2497 574 2572 penes
601 2491 740 2553 omnes.
790 2473 994 2574 Utar'ergo
1018 2475 1250 2576 &sententia
1277 2515 1278 2520 Ν

186 2573 349 2652 Platonis
364 2575 509 2672 aiicujus
524 2579 811 2671 pronunciantis:
832 2577 959 2651 Omnis
976 2577 1088 2650 anima
1103 2577 1247 2652 immor·

187 2673 279 2750 talis.
331 2671 425 2750 Utar
439 2677 472 2750 ἃ
486 2673 704 2750 conscientia
716 2677 861 2772 populi,
880 2672 1111 2776 contestantis
1127 2674 1248 2754 Deum

185 2769 373 2862 Deorum:
398 2790 479 2847 utar
500 2775 534 2848 δι
555 2777 698 2870 reliquis
722 2777 969 2850 communibus
986 2775 1160 2868 senibus,
1188 2777 1247 2872 qui

185 2869 308 2946 Deum
319 2873 476 2966 jndicem
493 2875 703 2968 pradicant:
732 2877 830 2948 Deus
850 2875 974 2970 videt,
1000 2875 1133 2950 &Deo
1150 2897 1245 2952 com·

185 2970 333 3068 mendo.
383 2969 438 3046 At
460 2995 541 3048 cum
569 2974 690 3069 ajunt,
717 2973 907 3060 Mortuum
926 2975 1030 3068 quod·
1044 2987 1243 3070 mortuum:

162 3069 348 3163 .&‚Vive=
359 3071 443 3146 dum
459 3075 572 3147 vivis:
594 3075 641 3168 ἃ,
658 3075 905 3168 postmortem
920 3076 1040 3149 omnia
1056 3071 1243 3174 finianum,

155 3178 157 3184 '
184 3169 294 3245 etiarn
317 3167 411 3264 ipsa:
445 3183 535 3246 tunc
557 3175 753 3248 meminero
774 3173 808 3247 δι
827 3195 893 3246 cor
917 3175 977 3248 vui
1004 3175 1015 3246 i
1039 3175 1199 3250 cinerem
1224 3196 1244 3250 a

183 3263 271 3344 Deo
293 3267 527 3365 deputatum,
561 3273 595 3344 ἃ
618 3277 627 3344 i
657 3272 724 3348 sam
745 3271 951 3369 sapientiam
973 3194 1103 3368 seculi,
1135 3275 1244 3373 stulti

184 3368 271 3474 tiam
287 3373 573 3463 pronunciatam.
662 3394 732 3446 unc
753 3374 778 3446 s1
798 3373 984 3446 haereticus
1008 3375 1052 3448 ad
1072 3375 1173 3470 vulgi
1191 3377 1242 3450 vi·

182 3465 258 3558 tia,
290 3467 352 3542 vel
370 3464 478 3542 seculi
494 3469 635 3566 ingenia
656 3472 882 3569 confugerit,
910 3472 1049 3562 discede
1066 3474 1180 3548 dican:
1199 3475 1242 3552 ab

179 3562 334 3640 othnico
351 3565 539 3644 haeretice:
566 3571 628 3644 etsi
647 3589 756 3646 unum
772 3571 853 3646 estis
869 3591 1020 3666 omnes,
1048 3573 1107 3667 qui
1125 3571 1241 3651 Deum

182 3657 335 3758 fingitis,
360 3666 444 3741 duni
458 3669 532 3742 hoc
547 3673 714 3746 tamenin
730 3669 857 3746 Christi
872 3671 1141 3763 nominantis,
1158 3673 1241 3748 dum

123 3785 134 3862 j
180 3757 400 3838 Christianus
417 3767 484 3840 tibi
508 3768 666 3866 videris,
694 3772 781 3846 alius
805 3773 848 3844 ab
868 3771 1035 3857 ethnico:
1066 3771 1177 3846 redde
1192 3773 1240 3848 illi

180 3855 264 3938 suos
283 3857 427 3968 sensus,
460 3870 542 3960 quia
564 3871 715 3954 necitis
733 3871 776 3948 de
797 3873 867 3946 tuis
890 3865 1084 3983 institutum
1143 3869 1239 3974 Quid

1087 3989 1189 4047 caeco
