2638 4342
146 123 220 214 664
266 173 269 180 ·
295 114 341 222 Q.
367 115 497 196 serr.
523 117 553 196 F
561 139 663 196 ton.
689 115 1057 196 Tarrutttnttr
1093 216 1099 227 ἢ

63 338 67 349 .
147 282 312 356 bavimus
329 293 416 360 tuuc
429 279 568 354 ,venisse
582 279 775 372 Christum,
794 281 830 354 id
844 279 895 356 est
906 285 1052 372 natum,
1074 279 1110 352 u
1123 297 1212 370 qua

54 454 59 463 ,
148 381 287 454 tuor&
310 381 459 454 dimidiae
482 383 801 474 hebdomadarum,
828 383 904 472 quae
921 377 1003 454 sunt
1020 376 1208 452 subdivisa

147 481 185 554 in
209 479 435 564 abscisionem
464 483 625 572 priorum
651 481 978 572 hebdomadarum,
1012 479 1105 550 intra
1129 499 1212 566 quae

149 593 313 672 tempora
326 579 458 671 passum
473 578 688 655 ostendimus
704 579 897 672 Christum,
926 593 1032 668 atque
1045 581 1095 650 ita
1106 573 1210 650 LXX

147 680 424 758 hebdomatibus
446 681 642 772 conclusis,
669 679 703 754 ἃ
726 679 873 752 civitate
892 679 1145 767 exterminata,
1167 678 1212 748 sit

148 775 408 855 sacrificium&
425 779 629 854 unctionem
647 781 775 852 exinde
793 777 933 854 cessare.
987 777 1122 850 Sufficit
1134 778 1210 848 huc
1259 824 1266 832 -

148 899 263 968 usque
277 878 389 952 dehis
405 879 547 950 interim
561 877 723 952 ordinem
738 877 865 951 Christi
879 875 1088 968 decurrisse,
1107 873 1210 966 quod

149 981 229 1053 talis
251 979 446 1070 probatur,
481 979 591 1069 qualis
612 979 922 1068 adnunciabitur,
949 979 1054 1049 etiam
1077 997 1120 1048 ex
1144 970 1213 1047 ista

151 1073 386 1150 consonantia
400 1076 669 1169 scripturarum,
696 1100 765 1168 qua
783 1099 827 1150 en
842 1077 1046 1169 praejudicio
1061 1075 1211 1166 majoris

13 1241 16 1253 ,
116 1177 286 1272 *partim
320 1173 503 1250 adversum
527 1177 696 1270 Judaeos,
731 1177 866 1250 elocuti
889 1174 1014 1250 sumat.
1074 1173 1210 1264 Neque

39 1346 41 1356 Α
130 1276 245 1364 ¹enim
269 1276 305 1348 in
333 1275 476 1348 dubium
496 1275 675 1358 deducant
700 1277 761 1348 vel
784 1287 943 1372 negent,
981 1295 1057 1364 quae
1079 1271 1214 1364 scripta

133 1367 383 1472 proferimus:
408 1389 450 1464 pt
463 1397 506 1448 ex
524 1377 596 1448 hoc
610 1397 754 1466 quoque
768 1377 865 1468 paria
878 1373 946 1448 eise
961 1372 1141 1464 scripturis
1159 1371 1213 1444 di-

148 1474 243 1546 vinis
258 1495 388 1570 negare
403 1475 637 1568 nonpossint:
659 1489 701 1546 ut
715 1497 792 1566 quae
808 1472 889 1568 post
901 1471 1073 1548 Christum
1089 1471 1215 1544 sutura

146 1577 466 1670 praecanebantur,
494 1575 682 1666 adimpleta
698 1573 981 1670 cognoscantur,
999 1571 1061 1646 nisi
1075 1571 1134 1644 iile
1148 1591 1216 1644 ve·
1230 1645 1256 1672 ,

84 1694 87 1704 ·
147 1671 277 1766 uisset„
291 1673 373 1768 post
392 1693 496 1764 quem
514 1671 692 1746 habebant
706 1673 881 1768 expungi,
903 1693 979 1763 quae
995 1671 1215 1744 nunciaban-

149 1783 233 1870 tur,
260 1794 336 1865 quae
355 1773 534 1866 completa
552 1772 633 1848 sunt
651 1773 757 1865 etiam
772 1775 1023 1866 probarentur.

182 1921 318 2114 areb}
336 1941 391 1993 nn
412 1939 673 1995 cornia-rnre
695 1941 911 1996 crurium
935 1941 982 1994 rn
1010 1939 1212 1994 cnarsro

113 2042 118 2052 ·
325 2041 419 2095 nro.

226 2185 282 2240 12.
310 2161 467 2268 Aspicite
480 2167 663 2252 universae
679 2169 866 2262 nationes,
894 2167 1135 2262 devoragine
1157 2191 1216 2246 et·-

61 2350 64 2359 ,
148 2263 241 2338 roris
258 2265 423 2360 humani,
436 2349 439 2355 ,
451 2267 579 2342 exinde
589 2283 817 2366 ‚emergentes
834 2267 877 2342 ad
895 2269 1077 2344 dominum
1090 2267 1217 2364 Deum

107 2373 114 2386 ’
148 2379 350 2441 creatorem
373 2363 602 2442 &Christum
631 2369 718 2460 ejus.
777 2366 875 2444 Etsi
904 2369 1038 2459 audes,
1075 2388 1213 2462 negare

147 2465 427 2559 prophetatum
462 2467 576 2542 statim
591 2471 653 2542 tibi
669 2468 847 2562 promiffio
864 2471 973 2562 patris
993 2469 1153 2539 occurrit
1170 2468 1213 2544 in

146 2563 287 2640 Psalmis
303 2565 443 2640 dicens:
465 2570 568 2638 attius
580 2594 663 2640 meus
676 2587 774 2654 estu,
794 2571 939 2662 egobudie
953 2571 1048 2662 genai
1069 2585 1106 2636 tc.
1136 2569 1215 2642 Pete

140 2691 168 2748 ‚a
184 2689 247 2750 me,
274 2661 313 2740 (5
329 2667 398 2736 tabo
417 2665 479 2736 tibi
494 2685 603 2768 gentos
622 2671 837 2740 hereditatem
851 2685 938 2739 ruam
952 2669 989 2744 it
1005 2657 1214 2762 poffiffiomm

147 2779 234 2834 ruam
259 2779 410 2834 terminos
433 2781 536 2842 terra.
588 2764 670 2840 Nec
691 2769 827 2862 poteris
852 2789 932 2840 eum
955 2767 1063 2862 magis
1085 2763 1214 2842 David

145 2855 259 2934 filium
287 2861 431 2956 dicere,
459 2885 564 2955 quam
591 2865 789 2940 Christum:
825 2881 886 2941 aut
912 2868 1083 2940 terminos
1103 2879 1215 2942 terrae
1310 2909 1311 2912 ¹

146 2957 269 3038 David
289 2965 413 3053 potius
438 2963 653 3060 promissos,
686 2967 745 3058 qui
772 2969 864 3040 intra
888 2959 1027 3038 unica‘m
1053 2965 1215 3058 Judaeam

145 3061 335 3154 regnavit,
362 3083 465 3152 quarn
484 3063 646 3158 Christo,
670 3068 727 3158 qui
743 3069 944 3160 totum'jam
958 3065 1082 3138 orbem
1101 3085 1215 3156 evam

145 3161 227 3254 gelii
244 3157 293 3232 sui
306 3157 377 3234 fide
395 3165 510 3257 cepit,
535 3165 625 3238 sicut
639 3187 704 3258 per
723 3161 855 3240 Esaiam
872 3165 975 3238 dicit:
1003 3166 1081 3236 Ecce
1097 3165 1166 3236 aaut
1180 3181 1215 3238 rc
1265 3220 1267 3235 i

146 3262 186 3328 in
199 3259 421 3358 dispofirionam
430 3269 555 3356 generis
569 3273 628 3339 mu'
643 3273 680 3334 in
690 3267 785 3334 iucem
795 3271 953 3358 gentium,
963 3271 1132 3360 artaperses
1143 3287 1216 3334 octr-

144 3357 191 3428 sos
209 3381 374 3450 carorum,
391 3363 515 3450 utique
530 3363 744 3453 errantium
761 3366 914 3453 exsolvere
928 3367 963 3435 de
975 3365 1117 3440 vincariis
1131 3369 1216 3434 virt·

146 3451 232 3542 Hos,
256 3457 293 3532 id
310 3453 363 3530 est
378 3457 512 3530 delictis
532 3463 701 3536 liberare:
729 3467 767 3537 (5
782 3467 817 3534 de
830 3465 914 3536 domo
931 3469 1082 3550 carceris,
1109 3463 1146 3538 id
1159 3462 1216 3538 est

146 3555 295 3646 mortis,
320 3558 459 3644 sebum
478 3563 685 3646 intenebris,
716 3559 1083 3659 ignorantiaescilicet.
1119 3564 1240 3660 Quae,
1310 3577 1312 3588 ’

90 3737 93 3742 ,
145 3647 168 3737 st
191 3675 255 3745 per
274 3649 450 3728 Christum
475 3661 678 3754 eveniunt,
715 3683 791 3735 non
814 3662 975 3734 inatium
999 3675 1105 3734 erunt
1127 3681 1216 3755 pro·

100 3799 113 3820 ·.
147 3750 312 3845 phetata,
340 3775 443 3850 quam
462 3777 527 3851 per
547 3779 653 3852 quem
673 3763 848 3856 expuncta
866 3759 1139 3837 consideramus.

1009 3881 1064 3953 13.
1091 3857 1159 3958 Igi-
