2638 4342
127 211 204 304 '670
269 205 316 308 Q.
341 203 479 284 terr.
502 201 647 282 Fron.
672 203 1041 282 Traruttrnur

131 367 199 444 sua
222 365 434 446 mutationis
451 365 733 459 inveniendum,
761 365 851 442 sada
872 363 923 440 est
949 381 1045 440 terra
1066 385 1198 440 eorum

133 467 308 559 deserta,
331 465 365 540 dt
390 467 556 540 civitates
576 487 702 542 eorum
726 467 797 564 igni
818 467 959 543 exuta
1010 465 1197 564 Regiones

131 564 286 662 ipsorum
304 567 339 638 in
358 563 548 658 conspectu
563 587 689 641 eorum
706 569 865 640 extranei
881 565 1118 652 devorantem
1135 565 1198 638 de·
1228 580 1235 607 ²

131 661 254 739 relide
278 663 350 740 filia
373 667 486 759 Sion,
518 679 686 757 tanquam
704 663 844 760 specula
865 667 902 738 in
925 667 1056 756 vinca,
1091 667 1198 738 velut

132 766 170 839 in
185 765 430 838 cucumerario
445 761 577 854 casula3
597 785 640 838 ex
659 785 732 857 quo
747 763 879 838 scilicet
891 763 993 839 Israel
1010 762 1198 840 dominum
1300 791 1304 798 ¹

131 885 210 940 non
236 865 440 960 cognovit,
468 863 680 957 &populus
699 887 779 938 eum
802 885 878 937 non
903 865 1107 962 intellexit,
1135 861 1200 937 fed

133 965 323 1056 dereliquit
350 963 490 1058 magis,
525 961 558 1036 dt
588 965 631 1037 ad
660 963 940 1060 indignationem
970 963 1199 1056 provocavit
1252 1043 1263 1058 ,

134 1063 288 1138 santium
310 1060 425 1136 lsrael.
476 1061 578 1136 Sicut
601 1061 791 1136 Machaerae
818 1063 1072 1136 conditionalis
1097 1083 1200 1138 com·

123 1162 303 1240 minatio:
327 1160 364 1236 si
382 1161 594 1254 nolueritis,
613 1181 681 1235 nec
701 1162 955 1254 obaudieritis,
975 1162 1108 1258 gladius
1124 1183 1198 1236 vos

26 1291 38 1307 s
136 1263 316 1338 comedet.
375 1257 432 1332 Ex
451 1281 523 1352 quo
542 1261 757 1356 probamus,
783 1261 999 1337 Machaeram
1020 1260 1199 1338 Christum

134 1359 267 1456 soille,
298 1379 402 1453 quem
434 1381 511 1433 non
545 1359 723 1466 qudiendo
755 1363 968 1456 perierunt,
1003 1365 1060 1454 qui
1094 1361 1201 1440 &in

133 1459 273 1538 Psalmo
289 1459 537 1553 dispersionem
554 1462 629 1553 ejus
648 1459 804 1556 postulat
820 1483 839 1534 a
854 1475 955 1556 patre
968 1461 1107 1534 dicens:
1134 1461 1200 1534 Di·

23 1595 34 1606 ν
134 1561 259 1657 sperge
272 1562 353 1633 illos
370 1561 407 1632 in
423 1560 561 1632 virtute
576 1574 658 1635 tua„
701 1559 972 1658 Qui&rtusum
985 1581 1049 1656 per
1064 1557 1202 1637 Esaiam

134 1662 173 1734 in
192 1659 413 1736 exustionem
430 1679 555 1732 eorum
571 1675 663 1734 erat:
689 1657 842 1754 Propter
854 1683 932 1755 me,
958 1661 1095 1752 inquit,
1121 1661 1202 1734 haec

137 1759 326 1836 factasunt
345 1760 478 1848 vobis3
501 1760 537 1832 in
554 1761 733 1832 anxietate
751 1759 948 1834 dormietis.
986 1761 1074 1834 Haec
1089 1761 1201 1856 igitur

138 1879 218 1936 cum
234 1861 310 1953 pati
325 1859 562 1952 predicentur
574 1858 685 1954 Judaei
700 1873 852 1952 propter
865 1857 1061 1954 Christum,
1078 1857 1201 1954 &pas-

71 1965 73 1968 ’
136 1957 195 2033 sos
224 1979 289 2032 eos
316 1955 386 2030 elie
405 1958 656 2051 inveniamus,
691 1959 779 2031 dtin
805 1955 1051 2052 dispersionem
1076 1959 1201 2034 demo·

138 2059 208 2132 rari
223 2077 427 2132 cernamus:
451 2047 672 2132 manifestum
685 2055 757 2148 est,
782 2073 934 2152 propter
951 2055 1127 2132 Christum
1139 2059 1202 2154 Ju-

139 2157 222 2231 daeis
251 2155 314 2230 ista
341 2153 527 2250 accidisse,
567 2153 794 2248 conspirante
821 2155 918 2230 sensu
947 2157 1204 2251 scripturarum

140 2277 222 2332 cum
234 2257 335 2330 exitu
351 2275 494 2348 rerum,
510 2253 546 2327 dt
560 2251 695 2330 ordinis
712 2269 927 2350 tempomm.
979 2255 1093 2330 Autfi
1109 2275 1206 2332 non·

140 2357 225 2431 dum
242 2355 346 2430 venit
362 2352 544 2449 Christro,
578 2370 730 2449 propter
752 2376 858 2447 quem
877 2355 954 2430 hec
971 2355 1097 2451 paliuri
1111 2377 1204 2452 prae·

141 2456 370 2530 dicabantur:
390 2475 472 2530 cum
485 2455 629 2528 venerit
643 2473 752 2550 ergo,
768 2457 968 2550 patientur,
986 2455 1019 2528 dt
1034 2458 1094 2530 ubi
1112 2473 1205 2530 tunc

83 2633 85 2637 ,
141 2553 215 2634 filia
232 2553 321 2630 Sion
343 2554 599 2646 relinquenda,
633 2573 711 2646 que
734 2553 871 2628 invidia
893 2555 1003 2630 hodie
1028 2553 1105 2630 est?
1139 2545 1206 2632 ubi

141 2653 310 2730 civitates
325 2653 536 2747 exurenda,
561 2673 639 2746 quae
654 2654 725 2746 iam
741 2653 777 2727 in
793 2655 936 2729 tumulis
953 2653 1081 2730 exuste
1092 2653 1205 2731 sunt?

141 2755 204 2830 ubi
226 2751 392 2849 dispersro
416 2755 554 2850 gentis,
580 2771 658 2844 quae
678 2753 749 2847 jam
774 2754 958 2832 extorris?
993 2755 1117 2830 Redde
1136 2754 1205 2829 sta·

139 2869 219 2932 tum
240 2853 389 2950 Judaeae,
416 2873 522 2948 quem
540 2849 698 2928 Cluilius
721 2853 905 2949 inveniat,
940 2855 974 2930 dt
994 2857 1099 2930 alium
1114 2875 1204 2930 con-

38 3041 49 3048 ,
140 2953 400 3030 tendevenire.

219 3075 276 3147 14.
300 3053 438 3128 Discite
452 3073 551 3128 nunc
571 3055 616 3128 ex
629 3051 848 3127 „abundantia
864 3053 997 3128 erroris
1015 3049 1124 3128 vestri
1140 3052 1206 3128 du·

114 3156 273 3236 ·ctttim.
336 3153 444 3228 Duos
470 3151 618 3228 dicimus
647 3147 776 3226 Christi
800 3153 940 3228 habitus
967 3176 987 3227 a
1011 3151 1232 3247 Prophetis·

73 3323 79 3332 .
142 3247 432 3346 demonſtratos,
466 3251 621 3329 totidem
646 3252 823 3326 adventus
857 3255 932 3346 ejus
947 3323 949 3327 ,
966 3265 1205 3348 praenotatos.
1297 3303 1304 3347 4

141 3351 266 3429 Unum
283 3354 322 3428 in
340 3353 561 3445 humilitate,
585 3351 711 3443 utique
733 3351 907 3448 primum,
936 3373 1016 3428 cum
1033 3363 1207 3446 tanquam
1302 3356 1304 3374 “

143 3455 227 3528 ovis
239 3451 283 3526 ad
292 3451 470 3530 victimam
479 3451 564 3525 duci
580 3451 754 3546 habebat,
776 3453 987 3546 &tanquam
998 3470 1107 3551 agnus
1119 3465 1205 3528 ante
1278 3523 1280 3526 ,

128 3551 357 3628 'tondentem
375 3552 449 3626 fine
467 3569 585 3646 voce,
607 3549 655 3626 lic
671 3571 748 3625 non
766 3555 905 3645 aperuit
919 3575 982 3646 os,
1003 3573 1049 3625 ne
1065 3549 1208 3650 aspedu

143 3651 286 3744 quidem
298 3651 481 3728 honestus.
531 3650 841 3727 Annuntiavimus
858 3654 971 3746 enim,
998 3653 1133 3746 inquit,
1159 3651 1207 3728 de

142 3749 209 3828 illo
233 3751 323 3830 licut
346 3751 541 3850 puerulus,
573 3749 665 3828 ficut
687 3751 788 3828 radix
812 3753 850 3828 in
872 3751 1155 3925 terralitieuti,¹
1168 3751 1207 3828 dt

910 3879 915 3892 ·
1077 3870 1127 3924 no
