2634 4336
383 235 460 298 ur
510 158 753 298 Arrun.
1026 241 1116 332 371,

40 384 145 477 bant,
167 377 193 456 il
208 399 286 458 noo
299 379 477 456 exinde&
492 383 606 458 anima
621 377 672 456 est
690 379 853 476 adquam
868 401 971 476 uque
983 385 1097 479 perti·

42 499 120 578 net,
146 482 170 556 s1
189 480 274 576 q'uid
287 481 339 556 est
351 479 469 558 flatus.

111 583 167 658 26.
192 579 263 656 Sed
283 581 399 656 omnir
418 581 635 676 inequalitas
652 579 836 656 sententie
857 581 1019 658 humana
1037 603 1100 658 ur«

43 701 105 776 que
127 681 170 756 ad
187 680 258 756 Dei
278 685 468 757 terminos:
502 683 539 755 in
559 679 698 757 nostran
715 683 788 776 jam
813 682 925 765 lineat
948 683 1097 778 gradum

42 783 224 878 colligam,
249 795 291 854 ut
313 781 412 873 quod
425 777 650 874 Philosophia
667 781 894 873 Medicisque
913 781 1096 880 respondi,
1130 789 1131 792 ‘

42 879 235 958 Christiano
249 883 413 976 probem.
465 881 601 954 Dctuo
615 880 974 956 fratersundarnento
989 877 1097 960 fidem

42 979 226 1056 edificem:
252 977 367 1076 aspice
390 981 560 1055 viventes
578 993 727 1076 uteros,
754 979 1029 1057 sanctissuuarunn
1045 981 1097 1058 fe·

39 1083 229 1176 mnarum,
255 1101 325 1154 nec
340 1077 453 1156 modo
471 1081 642 1176 spirantes
654 1083 725 1176 jarn
740 1082 813 1154 illic
828 1080 1006 1174 infurtes,
1034 1102 1098 1155 ve·

38 1201 113 1258 rum
137 1181 241 1256 etiam
260 1181 532 1276 prophetantes.
583 1177 681 1254 Ecce
699 1179 837 1255 viscera
854 1180 1031 1254 Rebecca
1046 1182 1099 1256 in·

37 1281 271 1378 prietantur,
310 1279 472 1378 &longe
490 1279 607 1355 adhuc
626 1293 779 1376 partus,
813 1281 846 1354 ic
869 1284 957 1354 aeris
977 1281 1096 1356 nullut

37 1380 214 1476 inpulsus.
277 1377 377 1455 Ecce
403 1379 536 1475 duplex
564 1380 671 1456 soetus
702 1380 740 1452 in
766 1381 858 1453 locis
888 1381 1010 1455 matris
1041 1393 1111 1454 tu·

34 1481 250 1572 multuatur,
277 1477 499 1572 &nusquam
523 1479 639 1554 adhuc
660 1481 787 1575 populi
810 1479 896 1554 duo.
946 1479 1098 1556 Porten-

36 1581 114 1656 tosa
137 1579 284 1655 forsitan
305 1581 505 1674 petulantia
523 1571 681 1656 infantia
704 1593 787 1652 ante
804 1581 976 1654 certantis
993 1601 1099 1672 quam

33 1679 221 1773 viventis,
256 1692 340 1756 ante
361 1676 526 1754 animose
550 1699 654 1773 quam
680 1677 863 1773 mata,
896 1679 1100 1756 sitantum·

30 1779 151 1858 trodo
165 1791 314 1854 matrem
330 1775 557 1862 sttbsultando
574 1775 756 1856 turbasset.
807 1777 957 1854 Attum
973 1791 1098 1873 partus

32 1881 219 1978 aperitur,
258 1877 487 1954 &uumerus
514 1875 727 1973 inspicitur,
763 1877 1014 1977 &auguratus
1043 1901 1100 1954 re·

33 1975 284 2076 cognoscitur,
309 1990 400 2074 puto
419 1979 492 2074 jann
514 1999 592 2052 noo
614 1981 737 2054 anirue
762 1975 990 2052 solummodo
1013 1989 1099 2076 pro·
1123 1981 1124 1988 '
1160 1987 1165 1998 ’
1288 2037 1290 2046 ,

28 2079 170 2156 bantur
191 2077 409 2174 infantium,
446 2077 507 2153 sed
530 2077 721 2176 &pugna
773 2075 1014 2162 Detinebatur
1037 2077 1100 2174 qui

27 2191 262 2276 prevenerat
280 2175 375 2252 nasci
396 2199 416 2252 a
436 2189 626 2274 praevento
648 2176 802 2252 necdum
824 2180 962 2270 plenius
982 2179 1099 2274 edito,
1179 2202 1183 2212 ¹

28 2291 179 2356 tanturn
194 2299 303 2354 manu
320 2292 420 2353 nato.
478 2275 529 2351 Et
543 2278 569 2353 fi
583 2275 656 2371 ipse
673 2279 821 2354 unimam
843 2276 889 2350 de
903 2277 1015 2373 prima
1035 2275 1101 2372 spi·

29 2381 182 2455 ratione
199 2375 553 2471 potabat'Platonico
571 2395 698 2470 more,
733 2389 795 2450 aut
812 2375 857 2450 de
872 2378 961 2450 aeris
976 2379 1120 2474 rigore·

28 2479 210 2574 mpetu
232 2475 356 2554 Stoica
378 2475 519 2572 forma,
555 2475 639 2570 quid
663 2477 725 2550 illo
746 2475 806 2569 qui
832 2473 1101 2570 erpeiiabatur',

118 2575 236 2652 adhuc
250 2577 346 2651 intus
362 2577 609 2668 detinebitur,
637 2573 778 2650 &soris
792 2575 866 2669 jana
889 2573 1101 2652 detinebat?

26 2599 217 2755 ffindum
243 2679 378 2772 opinor
405 2673 537 2771 spirans
563 2675 725 2850 plantam
756 2675 877 2750 fratria
901 2675 1101 2772 invaserat,

26 2781 146 2856 etiam
168 2795 266 2851 nunc
288 2777 407 2850 calena
432 2791 545 2852 matre
577 2777 778 2871 eprioretn
803 2773 960 2869 prodisse
982 2779 1103 2872 cupie-

26 2879 114 2955 bat.
167 2873 391 2952 Oinfantena
407 2875 669 2952 &emulumlit
686 2875 845 2949 validum
859 2875 993 2950 &olim
1013 2895 1102 2952 con·

26 2973 258 3070 tentiosum,
283 2973 394 3050 credo
416 2977 499 3069 quia
519 2973 658 3050 vivum.
712 2973 843 3066 Aspice
864 2975 971 3050 etiam
988 2975 1103 3074 singu·

26 3077 130 3156 lares
145 3089 370 3170 conceptus,
395 3073 582 3168 &quidem
596 3071 893 3166 monstrosiores,
922 3072 1048 3148 sterilis
1067 3073 1104 3150 it

26 3175 212 3274 virginio,
236 3193 315 3270 qua
334 3179 395 3250 vel
412 3177 486 3251 hoc
504 3173 580 3271 ipso
598 3171 826 3270 inperfectos
843 3175 952 3250 edere
968 3171 1105 3268 potuis-

26 3275 117 3354 sent
140 3295 210 3372 pro
232 3275 420 3352 eversrone
438 3289 594 3369 naturae,
621 3289 663 3348 ut
682 3277 794 3350 altera
813 3271 935 3350 semini
950 3273 1104 3368 stupida,

26 3377 152 3456 ultera
172 3369 314 3454 nulla
371 3371 561 3470 Decebut,
587 3374 612 3449 ss
630 3373 754 3469 sorte,
784 3375 856 3450 stne
876 3375 992 3448 anima
1008 3372 1104 3448 nasci

26 3561 27 3564 p
87 3475 265 3552 'suarm
282 3495 358 3554 non
374 3477 447 3552 rite
462 3476 653 3570 concepti,
680 3473 738 3548 sed
759 3473 791 3548 ἀ
812 3475 861 3548 illl
884 3475 1037 3570 urunt,
1063 3475 1104 3552 in

26 3495 103 3656 m
121 3577 278 3672 qusque
291 3589 409 3654 utero.
459 3573 622 3651 Exsultat
638 3571 848 3664 Elizabeth,
876 3573 1033 3667 Joannes
1050 3575 1104 3650 ine

26 3687 97 3752 mr
119 3677 332 3772 impulerat:
364 3671 543 3777 glorificat
565 3672 750 3748 donnnon
769 3671 911 3770 Maria,
944 3670 1117 3778 Christur·
1272 3723 1277 3732 ,

26 3775 136 3856 hctus
160 3775 382 3854 initiaretur.
442 3773 658 3874 Agnoscunt
682 3790 812 3848 matres
838 3771 921 3848 suos
944 3773 1103 3846 invicem

26 3873 175 3980 lutat,
200 3875 471 4041 rautn'nucao
486 3875 772 4057 abgplirnutique
785 3873 1018 3965 unwan,
1042 3869 1117 3964 qun
