2586 4334
1161 67 1284 178 Ji

53 236 56 249 ⁵
177 261 262 352 578'
325 253 373 352 Q.
397 243 526 325 Srnr.
553 247 696 328 licon.
720 243 1090 326 Trnru'un'ranr

176 409 373 515 passiones,
405 379 468 486 sed·
492 431 569 504 que
591 432 668 485 non
689 407 880 506 videntur,
913 411 950 486 id
972 410 1024 486 est
1040 409 1246 488 mercedes:
1276 390 1280 402 '

218 537 272 589 uae
287 514 381 588 enim
399 511 591 606 videntur,
617 513 828 604 temporalia
839 510 936 585 sunt:
963 533 1042 604 quae
1055 531 1148 585 vero
1162 531 1240 586 non

53 603 85 665 '-
176 615 349 689 videntur
364 607 497 684 aeterna
512 611 602 686 sunt.
652 609 829 684 Pressuras
846 612 940 685 enirn
958 611 993 684 dt
1009 609 1146 684 laesuras
1166 613 1242 704 qui·
1283 651 1284 656 =

176 718 246 792 bus
269 713 511 804 corrumpitur
529 712 643 788 homo
664 711 848 805 exterior,
873 725 915 784 ut
930 711 1032 786 leves
1049 711 1240 804 &tempo-

176 817 289 907 rales,
306 813 443 886 idcirco
458 810 738 884 contemnendas
752 808 919 902 affirmat,
938 809 1131 904 preferens
1146 831 1236 885 mer·
1282 817 1283 906 j

143 930 150 936 ·
177 915 307 990 cedam
332 925 542 1010 aeternarum
569 908 794 984 invisibilium
821 909 1001 1005 &glorie
1026 911 1169 1004 pondus
1197 912 1237 986 in

176 1009 507 1106 compensationem
529 1011 721 1103 laborum,
756 1027 848 1101 quos
872 1009 931 1082 hic
954 1030 1041 1082 caro
1064 1009 1236 1103 patiendo

176 1112 432 1206 corrumpitur.
484 1107 592 1182 Adeo
608 1129 685 1182 non
700 1110 759 1182 illa
775 1107 826 1183 est
838 1109 1048 1202 corruptio,
1077 1120 1180 1201 quam
1199 1111 1238 1186 in

175 1225 391 1310 perpetuum
415 1209 527 1282 carnis
549 1209 761 1303 interitum,
800 1209 843 1281 ad
861 1207 1152 1283 resurrectionem
1178 1231 1239 1282 ex·

174 1311 380 1412 pellendam
399 1309 572 1383 exteriori
586 1307 724 1383 homini
740 1307 953 1384 adscribunt.
1004 1305 1115 1384 Sic&
1133 1309 1234 1384 dibi:

175 1416 362 1512 Siquidem,
390 1411 460 1502 ait,
486 1415 705 1508 compatimur,
728 1409 830 1486 nti&
844 1409 1119 1503 conglorificemur.
1174 1411 1240 1482 Ru·

173 1532 251 1612 puto
268 1517 354 1582 enim
369 1536 435 1582 um
446 1511 555 1604 dignas
570 1507 625 1604 effe
636 1504 789 1607 paffiones
808 1511 905 1607 hujus
922 1515 1068 1604 temporis
1085 1509 1126 1580 ad
1138 1507 1239 1600 futu·
1283 1505 1284 1510 ’

57 1698 60 1712 ἱ
118 1609 127 1632 “
174 1614 504 1706 templorumque
519 1614 556 1679 in
570 1634 627 1679 nos
643 1610 736 1680 habet
754 1611 899 1686 revelari.
952 1605 1001 1687 Et
1017 1609 1078 1682 hic
1094 1609 1236 1684 minora

175 1711 334 1788 ostendit
351 1708 581 1784 incommoda
599 1709 749 1803 premiis
772 1707 850 1784 suis.
900 1705 1018 1782 Porro
1037 1709 1063 1783 si
1082 1727 1146 1802 per
1161 1729 1236 1786 car·

175 1826 262 1888 nem
280 1811 539 1903 compatimur,
572 1809 673 1901 cuius
693 1807 745 1882 est
760 1807 908 1904 proprie
924 1807 1136 1901 pallronibue
1153 1827 1236 1881 cor·

155 1915 310 2006 ¹rumpi,
322 1942 323 1945 ¹
336 1908 492 2001 ejusdem
509 1909 577 1981 erit
590 1906 624 1979 δι
638 1907 737 2000 quod
749 1929 818 2001 pro
834 1905 1071 2000 compassione
1085 1910 1236 1999 promit·

173 2002 273 2084 titur.
323 2007 447 2101 Atque
472 2007 562 2078 adeo
585 2005 683 2080 carni
706 2005 870 2080 adscribit
895 2005 1130 2100 press'urarum
1149 2027 1236 2099 pro·
1282 2069 1284 2072 .

112 2190 116 2203 ,
169 2113 385 2206 prietatem,
409 2119 451 2178 ut
470 2105 504 2178 ἃ
520 2103 739 2199 supradicit:
777 2111 856 2177 Cum
873 2105 1057 2199 venrffemus
1073 2123 1178 2178 aurem
1198 2113 1236 2180 in
1281 2099 1284 2142 ³

92 2287 94 2294 Α
174 2211 399 2284 Macedoniam
415 2207 532 2276 nudam
552 2202 756 2296 remrffionem
776 2207 888 2279 latuit
903 2207 1105 2304 catenesiae}
1157 2205 1235 2282 De·

173 2309 258 2384 hinc
275 2307 364 2382 ut&
379 2307 502 2382 animae
516 2304 616 2378 daret
631 2305 922 2398 compassionem:
950 2309 1161 2398 stromatibus,
1184 2309 1236 2382 in·¹

91 2493 94 2513 ¹
175 2411 274 2502 quit,
299 2403 474 2506 campreste,
500 2407 689 2496 extrinsecus
701 2427 835 2502 pugna,
863 2405 1081 2480 debellantes
1100 2407 1236 2484 scilicet

174 2529 345 2600 carnem,
380 2507 570 2590 intrinsecus
592 2509 703 2592 rimor,
739 2505 905 2580 afflictans
922 2505 1056 2582 scilicet
1071 2511 1235 2584 animam.

172 2605 283 2682 Adeo
300 2607 334 2680 dt
350 2607 375 2680 fi
394 2608 636 2700 corrumpitur
651 2605 764 2682 homo
780 2607 960 2700 exterior,
985 2625 1061 2681 non
1079 2623 1121 2681 ut
1135 2611 1234 2683 amit-

172 2720 253 2782 tens
279 2704 597 2800 resurrefiiionem,
633 2703 692 2780 sed
718 2719 761 2778 ut
785 2703 954 2780 sustinens
982 2709 1233 2805 vexationem,

173 2807 355 2900 corrumpi
377 2807 666 2904 intelligeretur,
700 2809 734 2881 dc
758 2805 832 2878 hoc
854 2825 930 2878 non
951 2805 1024 2880 fine
1043 2808 1234 2886 interiore.

171 2906 228 2982 lta
249 2909 436 2980 amborum
454 2907 522 2978 erit
542 2907 648 2980 etiam
666 2899 952 3002 conglorificari,
980 2904 1069 2979 sicut
1083 2907 1118 2978 de
1133 2927 1235 2982 corn·
1273 2913 1275 2978 i

171 3005 275 3103 pati.'
318 3003 519 3078 Secundum
541 3007 694 3102 collegia
711 3007 901 3098 laborum,
938 3003 1120 3081 consortia
1135 3009 1235 3101 ‘quo·
1272 3015 1274 3076 l

174 3129 244 3200 que
259 3107 449 3179 decurrant
463 3101 600 3178 necesse
615 3105 665 3178 est
678 3106 913 3199 praemiorum.

247 3228 308 3296 41.
333 3201 492 3278 Eandem
515 3205 630 3277 adhuc
651 3203 858 3278 sententiam
880 3205 1090 3298 exequitur,
1114 3225 1238 3284 remu·

86 3327 90 3334 ·
128 3363 132 3372 r
172 3305 379 3381 nerationes
396 3305 651 3388 vexationibus
670 3303 883 3400 preferens,
912 3309 1153 3393 Sammonion,
1181 3307 1239 3382 in.

174 3406 274 3498 quit,
301 3411 448 3502 quoniam
464 3405 518 3498 etſs
539 3423 666 3474 terreno
679 3408 784 3475 domus
802 3403 902 3500 nostri
916 3405 1114 3477 tabernaculi
1132 3405 1241 3499 ἀξίω·

172 3523 297 3588 vritur,
324 3505 468 3573 habemus
489 3505 607 3572 domum
627 3527 692 3573 non
715 3504 928 3596 manufatsom
947 3521 1098 3578 aternam
1120 3511 1159 3577 in
1177 3533 1240 3577 εα-
1266 3569 1268 3594 ,

171 3606 233 3687 lis,-
256 3603 292 3674 id
313 3601 364 3676 est
384 3623 449 3697 per
468 3603 539 3676 hoc
563 3601 661 3696 quod
686 3601 898 3678 dissolvetur
920 3623 1006 3679 caro
1026 3606 1149 3680 nostra
1167 3627 1239 3700 per
1266 3599 1268 3614 '

132 3707 134 3714 ‘
171 3703 370 3799 paffiones,
405 3701 624 3776 domicilium
647 3702 875 3777 consecuturi
902 3701 1018 3780 somus
1050 3707 1087 3779 in
1121 3709 1266 3802 coalia«,

150 3807 151 3810 ’
170 3804 389 3877 Meminerat
402 3803 618 3898 evangelicae
634 3801 875 3898 diffinitionis,
902 3805 998 3876 Beati
1017 3813 1074 3904 qui
1091 3809 1239 3903 persecu·
1263 3813 1265 3872 i

171 3909 288 3975 tionem
298 3909 475 4000 patiuntur
482 3919 613 3997 propter
620 3903 796 4002 justiciam,
816 3909 891 4004 quio
906 3905 1029 3978 illorum
1046 3908 1084 4005 ιβ
1102 3933 1240 4001 regnum
1260 3875 1265 4100 js

1093 4010 1185 4080 “colo-

1256 4189 1261 4293 l
