2602 4336
193 148 887 253 'novanso'srieanoonran
933 158 950 236 's
1015 157 1085 272 3'05
1140 167 1141 172 ‘

36 337 112 412 ttrt'
147 335 190 410 ln
215 340 418 432 principatu
442 337 595 412 enim'&
614 337 651 411 in
671 337 849 434 potestate
869 335 970 413 Deus
992 335 1101 414 fecit*

36 437 361 514 celunutenam.
1094 475 1097 483 ·

49 559 54 567 ·
102 559 158 612 20.
185 535 255 611 Sed
270 549 311 610 ut
326 537 414 610 nihil
428 535 522 612 aliud
536 534 709 634 significet
725 555 837 632 graeca
849 559 948 632 vox,
975 557 1083 630 quarn
1143 585 1146 606 .

36 635 256 732 principium:
290 637 556 730 &principium
576 639 668 732 nihil
694 637 788 712 aliud
813 640 948 732 capiat,
975 657 1083 730 quarn

36 737 185 810 initiunt:
212 737 382 812 habemus
396 739 500 811 etiam
514 737 607 810 illam
619 739 758 812 initium
774 735 983 832 agnoscere,
999 757 1082 830 quae

36 833 135 910 dicit:
169 833 332 910 &minus
349 839 486 908 coadidit
501 861 550 908 ma
569 845 607 908 in
624 859 714 934 opera
729 837 794 922 [ua.
845 836 880 908 Si
900 839 993 912 eninr
1015 855 1081 930 per

36 931 185 1029 sophiam
204 935 275 1010 Dei
296 935 416 1012 omnia
436 934 527 1010 sada
540 935 643 1030 seint,
670 935 842 1011 &coelum
859 957 946 1032 ergo
961 935 994 1008 dr
1008 947 1082 1008 ter-

36 1053 99 1108 rant
115 1033 214 1108 Deus
231 1034 366 1112 faciens
383 1037 420 1110 in
437 1035 640 1130 principio,
667 1037 701 1110 id
723 1035 793 1130 est,
820 1037 945 1130 initio,
971 1037 1006 1108 in
1023 1032 1080 1106 so-

36 1133 107 1228 phia
121 1132 181 1208 sua
195 1133 294 1210 feeit
344 1134 512 1228 Denique
525 1136 548 1210 ti
563 1135 774 1232 principium
787 1137 967 1210 materiam
980 1135 1083 1229 signi·

36 1229 176 1324 derret,
210 1255 288 1308 non
312 1235 363 1308 ita
383 1233 555 1328 scriptura
574 1234 807 1328 instruxisset,
843 1239 881 1310 in
899 1235 1078 1330 principio

36 1329 124 1434 Deus
141 1333 250 1428 fecit,
274 1331 334 1408 sed
353 1356 399 1408 ex
413 1335 603 1430 principio.
653 1333 692 1408 N
695 1356 745 1408 on
761 1337 852 1410 enim
868 1335 906 1407 in'
918 1335 1079 1428 materia,

36 1429 84 1512 Ted
103 1435 315 1508 exunateria
332 1431 480 1509 fecisset.
530 1433 588 1506 De
603 1431 726 1528 sophia
743 1449 859 1508 autern
874 1438 994 1527 potuit
1007 1435 1080 1508 dici

36 1553 60 1608 n
85 1533 276 1626 principio.
335 1531 377 1607 ln
400 1531 523 1630 sophia
545 1535 637 1606 enirn
661 1533 777 1626 primo
804 1534 916 1626 fecit,
950 1536 987 1606 in
1005 1555 1079 1626 qua

36 1632 220 1728 rogitando
242 1631 276 1706 dr
298 1630 521 1728 disponendo
541 1634 612 1725 jam
636 1631 792 1706 fecerat:
827 1633 994 1725 quoniam
1015 1633 1078 1706 etsa

36 1751 69 1806 u
81 1733 231 1806 materia
244 1729 398 1808 faunus
415 1731 552 1826 suisset,
579 1745 664 1804 ante
683 1733 719 1804 in
738 1731 861 1825 sophia
881 1733 1077 1828 cogitando
1173 1819 1176 1825 ι

36 1829 299 1926 &disponendo
317 1835 390 1927 jam
416 1831 561 1906 faceret.
621 1833 803 1926 Quoniam
826 1831 888 1904 etsi
913 1847 990 1906 erat
1012 1831 1078 1904 ini·

36 1924 111 2006 ium
132 1931 290 2008 viarum:
326 1932 407 2024 quia
429 1931 604 2028 cogitatio
630 1929 665 2005 δι
687 1929 866 2024 dispositio
891 1931 1002 2024 prima
1021 1929 1077 2003 so

36 2024 113 2104 hiae
138 2026 394 2124 inoperatio,
427 2031 472 2104 de
496 2031 657 2125 cogitatu
675 2032 770 2104 viarn
793 2031 964 2124 operibus
983 2029 1077 2104 insti·

36 2146 152 2224 uene,
178 2129 269 2204 hanc
284 2131 318 2204 u
335 2127 419 2204 inde
440 2134 671 2204 autoritatem
692 2130 872 2223 scripturae
890 2130 975 2202 mihi
999 2131 1078 2204 vin·

36 2224 128 2326 sico,
155 2229 253 2322 quod
270 2229 305 2302 dr
323 2227 422 2302 Deus
440 2229 499 2320 qui
514 2228 624 2322 fecit,
658 2227 748 2304 &ea
763 2251 840 2322 quae
856 2231 943 2304 fecit
960 2215 1077 2302 osten·

36 2329 131 2428 ¹hnc,
157 2325 251 2402 unde
266 2327 396 2402 fecerit
410 2349 486 2400 non
501 2327 652 2422 proinde
670 2327 828 2403 testatur.
880 2325 918 2400 N
920 2351 974 2400 a-rn
991 2349 1077 2402 cunr

36 2449 53 2507 u
70 2431 174 2502 omni
189 2427 405 2522 operatione
419 2429 487 2500 tria
500 2429 567 2502 srnt
582 2427 807 2520 principalia,
834 2429 894 2520 qui
911 2427 1018 2518 facit,
1038 2428 1078 2501 dc

36 2529 121 2604 nod
139 2523 206 2622 sit,
232 2527 266 2601 ἃ
287 2549 331 2600 ex
348 2548 422 2620 quo
441 2523 504 2602 fir:
535 2529 604 2608 tria
621 2529 765 2600 nomina
783 2525 863 2600 sunt
883 2527 1019 2600 edenda
1036 2528 1077 2602 in
1095 2601 1100 2616 ,

36 2611 178 2728 {gitinaa
192 2625 311 2721 operis
325 2627 569 2700 enarratione:
595 2623 745 2720 persona
758 2625 923 2718 factoris,
937 2625 1099 2721 species,

36 2727 128 2822 effi,
161 2723 278 2800 forma
298 2727 463 2802 naatcriae.
523 2723 558 2798 Si
578 2728 726 2800 materia
744 2749 819 2799 non
841 2729 988 2824 edetur,
1011 2729 1077 2800 ubi

36 2849 47 2902 c
65 2845 187 2922 opera
204 2825 241 2900 de
260 2845 380 2920 operae
402 2839 576 2920 operator
598 2827 774 2918 eduntur,
801 2841 949 2919 apparet
963 2849 1008 2926 err
1022 2827 1077 2898 ni-

36 2924 97 3024 ilo,
111 2945 195 2999 eum
210 2941 409 3022 operatum.
460 2925 616 2998 Proinde
633 2927 726 3018 enim
743 2928 910 2998 ederetur
925 2948 972 2998 ex
983 2947 1075 3019 quo,

36 3047 113 3104 -ex
137 3025 259 3119 atiquo
286 3021 403 3098 fuisset
425 3039 606 3118 operatus,
656 3021 822 3116 Denique
838 3019 1077 3120 Evangeliurn

36 3111 61 3202 t‘
74 3123 366 3226 supplementum
392 3119 613 3198 instrumenti
637 3125 771 3196 veteris
794 3125 1003 3215 adhibebo,
1037 3124 1077 3198 in

36 3247 85 3308 uo
116 3225 182 3298 vel
202 3245 266 3299 eo
278 3223 388 3322 magis
411 3222 586 3297 debuerat
608 3219 748 3298 ostendi
767 3223 868 3296 Dens
890 3225 1077 3315 exaliqua

36 3317 165 3408 a'teria
182 3322 349 3400 universa
371 3317 514 3416 fecisse,
540 3343 613 3418 quo
637 3323 712 3398 illic
733 3327 865 3418 etiarn,
887 3343 1076 3418 perum

36 3423 299 3520 paniasecerit,
325 3425 520 3500 revelatur.
572 3427 861 3521 inprinci'pioerar
869 3428 979 3512 serere
1034 3427 1075 3496 ha

36 3518 82 3630 io
102 3521 423 3628 ponposcnioet
445 3529 534 3595 neue
549 3521 759 3620 faeneum
776 3523 818 3600 o
840 3543 971 3596 eman.
1007 3525 1075 3616 ne
1099 3564 1106 3616 ᾗ

36 3651 110 3700 mro
133 3641 206 3697 erat
225 3627 306 3722 apud
323 3631 445 3712 Deam,
470 3625 513 3700 θ’
535 3631 622 3697 uem
639 3644 713 3718 cent
722 3631 836 3718 jerem.
885 3629 1005 3716 Omnia
1014 3645 1108 3718 per·⁸

36 3750 98 3800 m
113 3723 212 3820 sadda
225 3727 325 3815 sunt,
351 3737 388 3803 U
405 3727 537 3816 fimu'h
547 3713 728 3826 fasianos
746 3725 847 3801 nihil.
904 3704 997 3800 Cum
1012 3725 1075 3820 igi·

36 3849 62 3904 n·
90 3823 133 3910 ἅ
156 3826 217 3924 hie
236 3821 483 3926 pradiestetur
507 3825 544 3904 da
566 3823 708 3925 sodor,
741 3825 779 3902 id
799 3821 851 3904 est
874 3823 1006 3916 Deus,
1039 3819 1075 3895 dr

49 3919 202 4007 fanu.
226 3923 315 4005 Tan.
333 3928 378 4004 ss.
593 3925 633 4003 U
917 3922 1024 4016 sada,
