2602 4336
239 241 241 249 y
279 146 539 226 anvpasot
567 131 942 216 Hennooeueu.
1020 155 1026 165 “
1067 153 1139 240 aps

68 299 117 364 nt
132 283 266 384 Deus,
297 289 337 381 in
361 293 572 388 materiam,
608 313 711 386 quarn
734 297 860 372 malam
886 303 1021 390 norat,
1055 307 1139 379 ante

70 409 157 464 earn
175 389 328 466 inbono
345 391 581 468 convertisset
593 390 811 470 undominus
827 395 1011 486 ebenus,
1036 408 1078 472 ut
1090 396 1141 477 ita

70 487 266 582 debono,
292 491 425 568 nonde
439 494 533 567 malo
549 505 735 586 uteretur,
760 491 818 572 sed
834 495 915 588 quia
930 495 1048 572 bonus
1065 493 1141 586 qui-

72 585 182 662 dem:
215 587 380 673 dominus
402 605 635 668 autemnon:
661 591 745 666 ideo
767 595 906 686 qualem
926 593 1050 672 habuit
1076 595 1140 674 tali

69 685 186 780 usus,
215 689 455 768 neceffitatem
478 689 573 766 suam
594 690 770 782 ostendit,
805 691 991 770 cedentem
1015 693 1139 773 condi·

70 787 172 862 tioni
194 791 365 866 materiae:
392 790 537 882 quamsr
561 789 725 889 dominus
745 789 882 884 suntet,
911 789 1137 878 emendaffet,

69 885 135 960 Sic
160 887 254 960 enirn
270 885 490 985 Hermogeni
507 889 791 984 respondendum
815 889 888 983 est,
917 912 996 966 cunr
1014 911 1058 968 ex
1076 890 1139 965 do-

70 987 189 1064 minio
205 986 363 1064 defendit
377 989 497 1064 Deum
513 991 658 1064 materia
675 987 793 1084 usum,
813 989 845 1062 u
863 989 907 1064 de
923 1011 961 1062 re
974 1011 1051 1066 non
1066 989 1138 1085 sua,

31 1135 33 1144 2
72 1083 308 1165 scilicetnon
329 1085 419 1165 facta
438 1091 480 1162 ab
496 1087 584 1182 ipso.
633 1089 711 1186 Jam
732 1111 819 1188 ergo
839 1091 968 1170 malurn
984 1089 1027 1162 ab
1046 1087 1137 1184 ipso,

74 1185 139 1277 qui
166 1183 218 1260 est
240 1187 320 1262 maii
346 1187 371 1264 st
395 1209 472 1260 non
497 1202 622 1281 autor,
650 1188 823 1284 quianon
843 1187 1011 1264 effector:
1038 1201 1138 1268 certe

70 1281 283 1464 permissor,
311 1285 392 1380 quia
411 1287 628 1366 dominator.
680 1287 715 1362 Si
736 1309 827 1364 vero
844 1287 991 1368 materia
1009 1307 1083 1367 non
1105 1283 1140 1368 ὃς
1183 1374 1185 1382 Ι

86 1383 204 1478 psius,
238 1375 306 1478 quai
329 1387 479 1482 melum3
513 1385 584 1462 Dei
610 1406 687 1460 non
714 1389 800 1464 erit:
832 1385 877 1461 de
902 1387 1020 1468 alieno
1048 1407 1136 1482 ergo

72 1481 185 1576 usus,
219 1499 280 1562 aut
297 1489 460 1580 precario
482 1483 563 1560 usus
584 1483 656 1582 est,
684 1509 752 1580 qua
773 1507 881 1584 egens
901 1488 994 1577 ejus:
1022 1499 1083 1558 aut
1104 1483 1139 1568 dt

31 1647 33 1664 r
73 1583 226 1676 injuria,
253 1587 634 1680 quapraevaiensejrn.
685 1585 751 1663 His
767 1587 861 1664 enim
880 1587 994 1658 tribus
1018 1583 1135 1665 nodis
1180 1675 1185 1682 Ι

75 1683 193 1760 aliena
212 1683 405 1764 sumuntur.
452 1686 567 1782 Jure,
600 1684 808 1779 beneficio,
838 1687 996 1780 impetu,
1029 1679 1137 1762 idest

74 1781 260 1876 dominio,
292 1785 481 1879 precario,
506 1785 555 1862 vi.
607 1784 781 1862 Dominio
807 1805 885 1863 non
910 1781 1137 1880 suppetente,

73 1881 196 1980 eligat
212 1883 487 1982 Hermogenes,
520 1883 604 1976 quid
625 1883 709 1958 Deo
739 1896 937 1980 congruat,
969 1883 1135 1976 precario
1192 1921 1209 1932 -

76 2003 122 2056 an
148 1982 187 2054 ui
213 1983 257 2056 de
282 1985 428 2062 materia
452 1983 578 2062 euntia
602 1983 733 2062 fecisse.
784 1981 877 2060 Non
900 1981 1135 2080 ergomeliue

75 2079 395 2176 censuissetDeus‚
417 2085 669 2162 nihilomnino
686 2083 909 2175 faciendum,
937 2101 1134 2182 quampre·
1225 2133 1235 2142 .

76 2183 198 2275 cario,
227 2196 288 2256 aut
304 2183 575 2278 vinciendum,
603 2183 793 2276 &quidem
812 2182 856 2258 de
870 2180 992 2264 maio?

157 2303 212 2361 10.
237 2281 374 2383 Nonne
391 2286 496 2360 etiarn
515 2283 540 2354 ii
557 2285 704 2358 materia
717 2283 853 2376 optima
869 2277 1007 2374 fuiiiet,
1033 2301 1134 2371 oque

73 2380 286 2459 indecorum
298 2383 359 2456 fibi
378 2379 599 2458 existimasset
613 2381 657 2458 de
673 2384 811 2476 alieno,
828 2381 914 2454 iicet
927 2377 1055 2456 bono?
1070 2375 1135 2459 ra·

74 2496 139 2556 tue
157 2479 247 2560 satis.
298 2481 422 2576 ltaque
441 2483 562 2578 gloriae
582 2479 649 2556 suae
667 2479 781 2558 cauffa
796 2480 943 2558 molitus
966 2476 1016 2551 est
1033 2498 1157 2561 tuum·

76 2583 187 2673 dum,
214 2593 256 2655 ut
278 2582 478 2656 debitorem
502 2578 537 2660 se
557 2583 677 2657 aliene
695 2577 892 2657 substamiae
912 2574 1133 2675 ostenderet,

77 2681 112 2754 dr
130 2679 268 2774 quidem
285 2703 361 2758 non
375 2681 492 2762 bonae.
541 2679 666 2777 Ergo,
690 2679 825 2775 inquit,
853 2701 897 2756 ex
912 2677 1024 2754 nihilo
1040 2675 1135 2756 ¹faen-

76 2793 163 2874 τοι,
197 2797 240 2854 ut
262 2783 352 2857 mnia
377 2803 521 2876 quoque
557 2781 704 2860 arbitrio
737 2783 811 2875 ejus
842 2773 1132 2878 imputarentur&

74 2879 229 2976 Magna,
254 2877 455 2976 bonafide,
482 2880 903 2972 cecitashaereticorum‚
929 2898 997 2972 pro
1014 2876 1134 2968 hujus·

74 2979 174 3060 modi
191 2981 517 3078 argumentationer
544 3001 625 3054 curn
640 2980 722 3054 ideo
737 2981 916 3054 eutalium
933 2975 1052 3050 Deum
1068 2973 1135 3049 bo·

74 3101 160 3158 uum
186 3080 220 3154 dt
244 3082 419 3176 optimum
443 3082 576 3156 uolunt
599 3079 723 3172 credi,
759 3079 841 3171 quia
863 3075 944 3156 mali
968 3085 1136 3156 autorem

76 3177 276 3256 existiment
300 3195 522 3260 creatorem:
560 3191 621 3266 aut
639 3179 825 3255 materiam
858 3197 940 3254 curn
966 3185 1132 3254 creatore

75 3293 309 3375 proponunt,
335 3293 377 3352 ut
394 3277 735 3373 manutenentia,
761 3297 837 3354 non
853 3299 873 3354 a
889 3286 1054 3348 creatore
1072 3267 1131 3346 de·

76 3377 227 3471 ducant,
264 3379 406 3471 quando
432 3381 594 3459 nulluto
658 3376 719 3450 ino
744 3377 846 3454 Deus
870 3375 1042 3450 liberetur
1065 3367 1131 3452 ist'n
1156 3385 1159 3390 “

76 3475 293 3572 quaestione,
320 3493 457 3552 utnon
477 3495 582 3552 autor
660 3475 686 3549 li
705 3477 821 3556 videri
841 3471 994 3568 proinde
1009 3468 1129 3568 poffit,

77 3579 230 3674 quiaquia
251 3579 312 3655 ille
330 3575 406 3671 est,
440 3575 499 3670 qui
519 3577 648 3656 malum
666 3575 699 3652 dt
719 3575 743 3650 st
760 3595 837 3653 non
855 3570 927 3668 ipse
945 3567 1052 3662 fecit,
1078 3584 1132 3648 tn·

76 3677 569 3775 menaquocunqueuunde
582 3675 677 3754 unde
691 3673 804 3767 passus
818 3671 869 3746 est
882 3669 968 3748 freti.
993 3667 1132 3748 Audiat

76 3777 181 3882 igiuu
203 3777 524 3884 &Hermogenes,
550 3777 633 3954 ἀυτῇ]
641 3773 733 3968 ‘talibi
745 3771 799 3854 de
818 3771 900 3854 nati
921 3765 1130 3944 tenostqui
