2586 4334
48 85 197 158 6ι6
267 78 1036 192 Q.Snrr..FeoaTenantr,ranr
1134 39 1173 170 “¹

124 235 259 318 cautla:
282 241 359 316 hac
379 263 492 336 opera
505 243 698 338 negocium
715 243 845 318 divinae
861 241 1109 318 misericordiae
1127 263 1190 316 cu·

45 375 48 387 ·
123 365 231 444 rans,
254 341 355 456 quod
377 341 513 415 homini
536 340 702 458 prolicit,
726 343 817 417 Deo
835 339 956 416 servit.
1016 341 1191 422 Ceterum
1213 387 1215 392 ·

93 445 220 516 ‘ratio
239 441 336 534 ejus,
370 463 474 532 quarn
497 444 649 540 cognito
670 443 819 516 domino
840 441 1023 534 discimus,
1042 457 1192 516 certam

79 539 85 547 '
124 541 281 616 tonnam
303 555 434 633 tenet,
463 563 508 614 ne
533 543 641 615 nobis
668 563 822 659 unquam
849 541 960 616 tanis
955 543 1192 640 cogitatisve

127 641 222 736 quasr
243 642 407 714 uiolenta
434 641 549 734 aliqua
576 663 699 716 manus
725 643 915 736 injiciatur.
969 641 1072 715 Deus
1092 641 1194 714 enim

125 741 424 840 reprobationem
447 741 629 816 bonorum
648 755 763 816 ratam
781 763 856 814 non
874 741 1030 836 lubens,
1055 754 1198 836 utpote-

127 829 294 930 l'uo'rum,
323 860 476 932 quorum
498 861 577 914 curn
596 857 702 914 autor
720 841 755 914 u
774 838 939 914 defensor
957 839 1020 932 srt,
1046 828 1192 934 neceffe

129 941 181 1016 est
195 937 345 1036 prolude
364 937 405 1011 a
421 953 644 1032 acceptator
701 940 737 1014 Si
753 953 982 1034 acceptator,
1009 940 1119 1039 etiarn
1135 959 1195 1012 re·

54 1033 58 1043 ’
127 1057 351 1116 metueretur
398 1038 544 1112 Viderit
555 1059 643 1135 ergo
657 1039 806 1137 ingratia
821 1039 1026 1132 hominurn,
1042 1039 1066 1112 sr
1084 1023 1196 1110 etiarn

48 1145 50 1148 ’
128 1139 236 1214 banis
256 1137 357 1212 fauts
377 1139 618 1232 penitentiam
636 1143 746 1234 cogit.
796 1137 991 1212 Viderit&
1009 1135 1197 1235 gratia,sr

131 1238 291 1332 captatio
305 1239 378 1330 ejus
399 1237 441 1309 ad
457 1237 781 1312 benefaciendum
771 1239 1005 1312 rncitamento
1024 1237 1094 1333 est,
1119 1249 1196 1310 ter·

58 1383 64 1392 ·
130 1359 242 1434 rena,
267 1337 429 1410 mortalis
448 1350 609 1428 utraque.
661 1336 884 1510 Quantulum
906 1337 999 1431 enirn
1022 1357 1196 1428 compen·

132 1423 219 1528 dii,
229 1437 253 1510 sr
275 1451 378 1532 grato
397 1435 649 1510 benefeceris?
679 1441 741 1512 vel
761 1437 794 1510 di
798 1433 949 1538 spendii,
980 1433 1057 1512 lrin
1082 1431 1197 1508 rato?

130 1535 274 1625 Bonum
292 1533 421 1610 fadum
438 1535 558 1609 Deum
570 1539 684 1612 habet
703 1533 924 1628 debitorem,
949 1535 1049 1610 ficuti
1121 1556 1196 1630 tpa-
1270 1599 1276 1616 ,

87 1709 94 1714 ,
132 1637 227 1710 lum.
254 1635 335 1726 quia
352 1633 462 1728 judex
484 1633 601 1716 omnis
618 1651 867 1712 remunerator
886 1635 937 1710 est
954 1633 1088 1717 caull'ae.
1140 1631 1200 1706 At.

133 1755 218 1808 cunr
230 1733 338 1828 judea
353 1733 453 1806 Deus
470 1733 609 1828 justitiae
626 1735 799 1812 cariffirnae
812 1736 872 1808 lrbi
891 1735 1072 1832 exigendae
1091 1743 1197 1806 tuen·

135 1835 259 1928 daeque
273 1833 467 1927 presideat,
484 1833 570 1908 &in
580 1859 656 1912 eam
672 1859 814 1910 ornnem
828 1833 993 1909 firmanam
1007 1831 1200 1926 disciplinae
1263 1855 1268 1862 ·
1285 1883 1287 1890 ι

133 1931 285 2008 sanciat:
311 1932 541 2006 dubitandum
558 1933 628 2029 est,
646 1933 968 2008 ficutinuniversrs
985 1933 1200 2006 auibusno-

128 2029 270 2121 uris,
260 2047 311 2102 rta
326 2033 362 2102 in
375 2033 592 2124 poenitentiae
606 2056 749 2126 quoque
768 2031 904 2130 caussa,
927 2031 1095 2126 justrtiam
1109 2030 1199 2124 Deo

135 2130 363 2226 prestandam
381 2129 472 2204 effe?
505 2133 603 2224 quod
621 2135 762 2224 quidem
780 2135 830 2206 ita
844 2133 982 2227 impleri
998 2131 1143 2224 licebit,
1170 2129 1200 2204 ti

64 2253 67 2269 ·
121 2230 546 2325 ,peccatis-solummodo
571 2231 791 2308 adhibeatur.
852 2233 969 2306 Porro
992 2243 1202 2326 peccatum,

111 2329 201 2402 ·nisr
219 2329 347 2402 melum
365 2327 514 2424 sallum,
540 2331 609 2405 dici
624 2355 699 2407 non
719 2345 898 2408 meretur:
923 2351 992 2406 nec
1012 2331 1201 2423 quisquam

138 2427 401 2506 benefaciendo
422 2429 614 2522 delinquit:
650 2433 788 2526 quodfi
808 2454 885 2506 non
904 2431 1100 2522 delinquit,
1132 2448 1201 2500 cur
1249 2427 1255 2440 “

124 2527 385 2624 fpoenitentlam
408 2529 547 2602 invadit
568 2529 876 2623 delinquen-tium?
924 2531 1107 2604 Privatum
1133 2547 1201 2600 cur

135 2628 282 2702 'malitie
298 2627 454 2702 officium
466 2629 622 2711 bonitati
637 2627 703 2704 suae
716 2630 896 2726 imponit‘l
922 2631 978 2704 Ita
994 2629 1138 2720 evenit,
1156 2641 1202 2702 ut

141 2747 224 2800 curn
247 2727 377 2817 aliquid
399 2727 460 2801 ubi
486 2747 563 2802 non
590 2744 767 2826 oportet,
802 2731 1016 2825 adhibetur,
1040 2731 1113 2802 illic
1137 2729 1203 2802 ubi

100 2825 102 2834 ’
142 2839 294 2922 oportet
311 2827 519 2924 negligatur.

220 2929 449 3024 &Quorum
463 2933 549 3026 ergo
566 2931 776 3026 poenitentia
791 2893 882 3026 justa
896 2929 930 3004 δι
946 2889 1065 3009 debita
1081 2925 1205 3002 videa·

62 3087 81 3132 ·.
142 3036 228 3120 tur,
220 2945 381 3118 3idest,
417 3049 493 3122 que
515 3027 643 3103 delicto
661 3029 867 3123 deputanda
887 3031 976 3123 suu,
1001 3031 1123 3101 locus
1120 3029 1204 3118 qui·

142 3127 224 3199 dem
240 3125 593 3220 postulatdenotare,
604 3127 663 3206 sed
674 3130 954 3206 otrosumvrderr
967 3125 1096 3224 potest
1124 3125 1204 3200 Do·

12 3313 22 3326 J
141 3227 242 3302 mino
257 3226 352 3300 eninr
365 3229 537 3342 cognito,
559 3231 658 3304 ultro
675 3231 814 3326 spurtus
833 3229 930 3304 aluo
947 3241 1074 3302 autore
1087 3225 1204 3321 respe-

108 3343 112 3348 ·
143 3323 256 3415 dtus,
271 3327 425 3440 emergit
442 3327 492 3400 ad
511 3331 677 3404 notitiam
702 3331 884 3422 veritatis,
920 3319 1137 3404 &admissus
1159 3327 1207 3402 ad

124 3421 324 3498 dominica
343 3441 542 3526 praecepta,
570 3451 614 3502 ex
629 3431 707 3524 ipsrs
724 3429 839 3504 statim
861 3431 1040 3520 eruditur,
1067 3425 1102 3498 id
1119 3448 1205 3520 pec

143 3533 230 3598 cato
255 3509 521 3618 deputandum,
558 3551 674 3619 aquo
699 3529 799 3603 Deus
827 3544 955 3604 arceat
1020 3529 1206 3642 Quoniam

146 3645 228 3698 cum
252 3623 372 3700 Deum
397 3626 531 3724 grande
558 3627 756 3720 quidboni
783 3625 1041 3722 constetess'e,
1079 3627 1206 3719 utique

144 3723 249 3800 bono
270 3723 334 3798 nifi
355 3727 484 3802 malurn
497 3746 575 3804 non
590 3727 810 3832 displiceret,
836 3729 963 3824 quod
954 3741 1046 3804 mter
1061 3743 1206 3802 contra·

1088 3829 1156 3902 ria
