2596 4336
212 265 216 273 -
323 227 586 294 Μυκη
616 207 847 292 euertat
885 243 902 278 τ
1001 203 1024 310 s
1046 231 1121 310 517

5 363 11 390 ’
43 371 234 466 concepit
285 369 382 448 Narir
404 373 533 450 exinde
552 387 593 450 ut
608 373 743 470 abjecta
758 317 922 475 pareret,
948 372 1036 450 &in
1052 375 1120 450 do·

42 469 186 548 loribus
202 489 364 564 pareret,
382 477 532 550 verbum
549 473 683 548 diaboli
694 471 813 550 semen
827 473 879 548 illi
891 473 972 552 suit.
998 469 1120 552 Enixa
1238 567 1240 572 ¹

43 571 96 648 est
114 569 272 664 denique
285 574 469 648 diabolum
482 573 712 650 fratricidam.
750 573 890 650 Contra
905 573 1022 650 Maria
1034 593 1119 654 eunt

43 669 188 762 edidit,
226 673 288 765 qui
311 677 488 748 carnalem
511 673 657 752 fratrem
684 673 789 766 lsrael
816 675 1119 770 interemptorem

42 767 147 846 sutem
167 769 303 848 salvum
319 773 534 870 quandoque
549 775 741 868 prestaret
793 774 836 848 In
856 776 1006 850 vulvam
1026 794 1116 872 ergo

41 867 150 948 Deus
171 875 325 947 verbum
341 871 439 950 suum
462 873 619 968 detulit,
641 875 779 952 bonum
795 873 962 968 fratrem,
987 887 1119 950 utme·

42 972 200 1048 moriam
217 973 299 1050 masi
317 971 433 1048 fratris
448 976 623 1051 eraderet.
674 973 763 1050 Inde
778 973 1030 1069 prodeundum
1044 973 1118 1051 suit

43 1063 216 1164 Christo,
243 1074 287 1146 ad
305 1071 452 1150 salutem
464 1075 641 1172 hominia,
668 1091 742 1170 quo
759 1075 872 1152 homo
887 1073 961 1170 iam
975 1073 1118 1150 damna·

41 1181 102 1247 tus
123 1173 336 1250 intraverat.
698 1171 701 1180 '

124 1281 181 1352 18.
208 1271 319 1346 Nunc
335 1286 376 1348 ut
392 1273 580 1370 implicite
594 1273 898 1372 respondeamus,
924 1294 1002 1350 non
1017 1293 1117 1348 com·

38 1373 196 1466 petebat
214 1369 405 1448 exsemine
421 1375 580 1450 humano
595 1375 666 1450 Dei
680 1373 792 1450 sisium
808 1373 926 1468 nasci,
950 1397 996 1448 ne
1012 1375 1036 1452 st
1057 1387 1117 1446 to·

40 1485 102 1546 tus
117 1467 208 1546 esset
227 1469 320 1546 filius
335 1475 517 1570 hominis,
542 1497 620 1550 non
634 1473 723 1550 esset
737 1472 858 1550 &Dei
872 1473 985 1550 filius:
1012 1473 1117 1548 nihil·

43 1591 114 1664 que
135 1571 287 1646 haberet
308 1575 456 1670 amplius
473 1573 689 1671 Salomone,
718 1575 921 1671 &amplius
937 1575 1052 1672 Jona,
1079 1567 1117 1646 dc

42 1669 87 1744 de
103 1669 259 1748 Ebionis
277 1675 451 1768 opinione
472 1675 672 1750 credendus
691 1691 780 1754 erat
841 1673 939 1772 Ergo
952 1675 1025 1770 jam
1040 1671 1115 1766 Dei

41 1767 136 1844 filius
164 1793 212 1846 ex
233 1773 344 1866 patris
365 1773 438 1848 Dei
460 1771 614 1867 semine,
648 1774 759 1850 idest
781 1773 926 1870 spiritu,
959 1789 1001 1850 ut
1025 1771 1117 1847 effet
1268 1769 1270 1774 ’

1 1856 15 1886 '
42 1869 202 1946 hominis
229 1869 348 1968 silius,
386 1895 473 1949 caro
505 1897 547 1950 ea
574 1873 649 1950 sola
678 1882 756 1970 quae
780 1889 858 1950 erat
883 1897 929 1950 ex
955 1871 1115 1952 hominia

41 1991 152 2058 carne
175 1968 361 2066 sumenda,
386 1975 460 2050 fine
481 1976 550 2050 viri
571 1975 713 2052 semine.
763 1975 929 2050 Vacabat
947 1974 1042 2050 enim
1062 1971 1114 2046 se·
1131 2015 1145 2028 --

39 2093 123 2148 men
149 2071 243 2166 viti,
270 2073 365 2166 apud
386 2075 579 2154 habentem
603 2077 675 2150 Dei
697 2075 826 2152 semen.
879 2075 1003 2166 ltaque
1022 2072 1114 2148 ficut

35 2171 207 2266 nondum
228 2183 334 2248 natue
352 2195 398 2252 ex
414 2176 576 2273 virgine,
602 2191 741 2272 patrem
757 2177 877 2250 Deum
892 2173 1025 2250 habere
1045 2195 1113 2270 po·
1211 2264 1215 2273 A

37 2273 112 2346 tuit
134 2271 210 2346 fine
228 2271 376 2350 homine
395 2291 532 2368 matre,
558 2299 658 2369 aeque
673 2299 754 2352 cum
774 2275 819 2350 de
838 2275 979 2371 virgine
993 2271 1115 2348 nasce·

36 2387 164 2468 retur,
191 2374 315 2470 potuit
329 2389 479 2452 matrem
493 2377 626 2452 habere
642 2377 849 2470 hominem,
875 2375 948 2450 sme
962 2373 1113 2448 homine
1182 2448 1188 2462 ,

35 2486 158 2570 patre.
208 2472 269 2548 Sic
289 2473 443 2570 denique
465 2477 579 2554 homo
599 2497 680 2552 curn
697 2475 805 2568 Deo,
831 2475 915 2550 dum
937 2491 1023 2550 caro
1044 2473 1113 2548 ho·

35 2573 147 2656 minis
172 2591 255 2648 cum
277 2571 400 2672 spiritu
419 2575 503 2651 Dei.
566 2573 664 2650 Caro
684 2575 757 2654 stne
780 2573 936 2666 semiue,
973 2595 1019 2646 ex
1043 2572 1112 2646 ho·

1 2729 2 2750 r
36 2676 157 2754 mine:
191 2669 332 2768 spiritus
355 2697 437 2752 cum
458 2674 618 2772 semine,
651 2697 697 2751 ex
714 2675 812 2758 Deo.
864 2672 978 2774 Igitur
998 2671 1024 2748 fi
1041 2671 1113 2748 fuit

36 2771 226 2870 dispositio
249 2775 401 2850 rationis
421 2775 524 2871 super
545 2775 658 2852 filium
675 2775 768 2884 Dei,
801 2798 848 2854 ex
865 2773 1005 2873 virgine
1025 2793 1112 2870 pro·

36 2873 255 2967 serendum,
292 2894 357 2951 cut
387 2896 464 2950 non
498 2897 544 2952 ex
575 2877 717 2972 virgine
747 2875 929 2970 acceperit
959 2893 1132 2968 torpue,·

38 2974 141 3068 quod
161 2973 209 3048 de
223 2975 363 3073 virgine
375 2973 556 3070 protulit?
583 2978 668 3072 quia
684 2975 778 3054 aliud
795 2973 963 3072 estquod
980 2995 1000 3046 a
1021 2973 1110 3046 Deo

1 3083 2 3098 ¹
38 3071 196 3170 sunpfit.
247 3075 452 3175 Quoniam,
477 3075 667 3170 inquiunt,
693 3077 822 3150 verbum
839 3071 1046 3168 catafaticam
1057 3073 1110 3170 ιβ.

39 3171 131 3252 Vox
154 3171 221 3251 ista
245 3173 331 3266 quid
356 3195 442 3254 caro
475 3175 607 3252 factum
629 3177 672 3252 srt
693 3175 933 3251 contestatur:
967 3193 1036 3250 nec
1056 3183 1111 3244 ta·
1160 3215 1163 3222 ·

1 3285 2 3290 '
39 3295 121 3355 men
139 3273 363 3372 periclitatur
379 3273 473 3368 quasr
486 3273 601 3352 statim
622 3275 718 3352 aliud
731 3277 774 3356 srt
789 3275 920 3354 factum
938 3293 1047 3366 cmo,
1073 3269 1110 3348 dt

39 3391 118 3452 uon
134 3375 300 3452 verbum.
351 3372 389 3452 Si
407 3397 452 3452 ex
476 3397 583 3450 came
599 3374 729 3452 factum
754 3377 806 3452 est
828 3373 982 3452 verbum
1006 3390 1109 3466 caro,

41 3471 140 3548 autsr
154 3496 201 3548 ex
216 3471 349 3550 semine
361 3472 437 3572 ipso
453 3473 588 3552 factum
599 3475 669 3570 est,
685 3474 860 3570 scriptura
874 3474 979 3548 dicat.
1015 3467 1108 3548 Cum

1 3649 2 3654 a
39 3571 217 3666 scriptura
228 3594 304 3649 non
317 3573 413 3650 dicat
425 3575 487 3649 nisr
504 3575 602 3672 quod
618 3575 661 3650 srt
675 3575 825 3669 facium,
844 3595 942 3666 non,
964 3571 1109 3650 &unde
1176 3629 1183 3642 t

39 3671 81 3748 fit
96 3672 250 3764 saecuma
275 3695 363 3772 ergo
382 3695 428 3750 ex
445 3675 536 3769 aiio,
562 3695 640 3750 non
653 3697 699 3748 ex
714 3671 845 3750 semine
859 3671 937 3771 ipso
954 3670 1110 3771 suggerit

40 3769 191 3851 sadum:
217 3773 334 3852 srnon
349 3797 394 3854 ex
410 3773 542 3850 semine
558 3772 656 3872 ipso,
682 3773 742 3850 sed
757 3797 801 3878 ex
819 3775 913 3870 alio,
935 3775 1008 3867 Jam
1021 3773 1110 3856 hine

39 3873 177 3984 maiia,
202 3893 249 3954 ex
272 3893 347 3975 quo
367 3875 477 3978 napis
496 3874 645 3952 credere
667 3891 869 3976 congruat,
896 3893 1040 3952 carnem
1056 3869 1109 3956 fa·

535 3973 599 4060 Klt
621 3995 642 4080 3
965 3971 1063 4066 tium
