2540 4334
1 195 5 202 ’
60 153 68 166 .
138 209 189 290 ds
250 189 1055 306 ⁸QSirrm'l'tor.sismusinum

18 433 20 438 .
138 363 454 460 bisrepromittit,
481 360 622 436 dicens:
653 347 839 431 delfiam
853 359 952 443 mibi,
972 357 1011 433 dl
1028 349 1220 448 agroindi·

138 467 232 552 ubor
260 459 387 559 idest,
411 460 625 537 Patientiam
643 459 754 554 mihi,
779 458 901 556 &ego
920 458 1130 556 patientiam
1153 473 1238 526 re·-

139 567 354 648 mlnerbbo.
404 559 496 634 Cum
511 560 605 638 ellim
620 559 726 652 dicit,
751 559 866 643 Nolite
873 561 1041 660 judicare,
1065 582 1106 628 m
1118 557 1222 652 judi-

140 671 287 756 cemini,
318 681 445 736 nonne
467 660 677 758 patientiam
697 657 860 756 flagitat?
899 661 991 762 Quis
1015 659 1108 732 enlm
1130 675 1221 730 non

98 770 100 777 '
137 761 461 882 judicabitalium,
487 759 553 874 nisa
567 759 627 854 qui
641 761 951 852 patienteritnon
965 753 1222 836 defendendi!

144 869 241 967 Quis
263 864 401 938 adcuco
420 859 647 953 Judrcat,.ut
662 855 859 956 ignoscat?
896 859 954 932 Ac
978 859 1003 934 sr
1029 855 1224 954 ignoscet,

139 977 266 1042 tamen
293 961 485 1053 judicantis
516 959 772 1052 impatientiam
805 961 932 1056 cavit,
968 959 1224 1032 &bonorem

142 1064 243 1140 imici
260 1061 415 1156 judicis,
448 1057 486 1134 id
507 1057 560 1133 est
577 1057 677 1150 Dei,
709 1057 861 1134 abstulit.
919 1063 1089 1160 Quantos
1114 1075 1222 1130 vero

145 1162 244 1238 casus
278 1159 484 1251 huiusmodi
514 1159 737 1252 impatientia
773 1157 950 1232 incursare
976 1153 1223 1246 ,consuevits
1266 1177 1267 1208 ι

145 1259 333 1380 Quptiens
347 1257 515 1354 poenituit
532 1257 807 1334 defensionem?
846 1259 1028 1360 Quotiens
1045 1255 1223 1334 instantia

143 1383 225 1456 ejus
249 1361 410 1434 deterior
433 1355 527 1432 fasta
551 1355 605 1432 esi
629 1357 748 1433 caussis
771 1355 871 1432 suis?
911 1357 1095 1458 Quoniam
1122 1353 1222 1430 nibil

1 1525 2 1530 ι
143 1459 372 1555 impatientia
392 1453 624 1554 susceptum,
660 1456 733 1532 slne
755 1458 892 1550 impetu
919 1457 1066 1556 transigi
1087 1457 1221 1550 novit,

143 1561 238 1642 mihil
259 1561 396 1652 impetu
416 1556 553 1654 auum,
588 1573 744 1633 autnon
769 1555 945 1652 offendit,
978 1571 1039 1632 aut
1058 1555 1220 1650 corruit,

144 1674 213 1742 sut
225 1679 385 1754 preceps
398 1657 498 1744 abiit,
547 1657 624 1752 Jam
637 1657 662 1732 sr
677 1659 794 1732 levius
810 1656 1028 1750 defendaris,
1046 1655 1219 1730 insanies:

143 1757 355 1850 fiuberius,
380 1759 599 1833 oneraberis.
648 1757 747 1857 Quid
765 1757 850 1832 mihi
868 1779 948 1831 curn
965 1759 1129 1848 ultione,
1155 1775 1221 1828 cu·

219 1857 368 1934 modum
385 1876 509 1953 regere
531 1859 607 1932 non
626 1853 765 1950 possum
784 1877 850 1950 per
871 1855 1126 1952 impatientiam
1150 1855 1220 1928 do·

163 1957 270 2032 oris‘l
302 1955 414 2052 Quod
436 1957 460 2029 fi
481 1957 661 2054 parientiae
678 1954 884 2052 incubabo,
909 1980 986 2034 non
1005 1957 1162 2032 dolebo:
1190 1953 1220 2030 sr

144 2075 227 2136 mon
243 2053 402 2146 dolebo,
426 2053 547 2129 ulcisci
561 2075 638 2127 non
661 2053 881 2134 desiderabo.

229 2176 287 2230 rr.
312 2153 400 2232 rost
412 2155 475 2228 has
493 2153 703 2248 principales
720 2155 949 2250 impatientiae
963 2157 1149 2251 materias,
1174 2167 1220 2230 ut

146 2253 361 2357 potuimus,
387 2251 566 2350 regestas,
599 2253 683 2346 quid
705 2253 800 2328 inter
821 2271 966 2332 caeteras
989 2255 1219 2356 evagemur?

148 2377 230 2452 ‚qua
245 2355 366 2456 domi,
392 2375 469 2446 qua·
485 2349 604 2430 foris?
636 2353 729 2430 Lata
745 2367 852 2448 atque
873 2348 997 2434 diffusa
1016 2355 1067 2432 est
1089 2378 1219 2450 opera·

147 2457 207 2532 tio
226 2456 335 2530 mali:
361 2450 572 2551 multiplicia
596 2448 736 2547 spiritus
758 2455 988 2534 incitamenta
1011 2457 1219 2552 jaurlanus,

149 2553 188 2628 'dr
209 2551 323 2630 rnodo
346 2555 527 2647 parvula,
561 2553 674 2627 modo
697 2556 860 2632 maxima.
911 2555 981 2631 Sed
999 2557 1151 2652 parvula
1174 2557 1219 2632 de

147 2651 215 2732 sua
233 2651 485 2730 mediocritate
503 2669 738 2746 contemnas,
764 2657 924 2730 maximis
948 2677 1014 2750 pro
1038 2654 1096 2730 sua
1117 2655 1220 2730 exsu-

147 2751 316 2852 perantia
329 2753 447 2828 cedas.
497 2753 571 2825 Ubi
588 2755 870 2849 minorinjruia,
896 2757 945 2830 ibi
962 2757 1059 2830 nulla
1076 2755 1220 2832 neceffi·

145 2863 208 2926 tas
222 2851 463 2944 impatientia.
519 2849 574 2924 At
591 2853 653 2928 ubi
670 2854 785 2947 major
808 2855 959 2950 injuria,
994 2855 1044 2930 ibi
1064 2855 1220 2930 necessa·

2 2999 4 3034 ι
146 2951 228 3032 tior
241 2947 376 3044 injuriae
391 2953 551 3048 medela,
566 2954 749 3044 patientia.
793 2953 979 3030 Certemus
996 2958 1121 3052 igitur,
1140 2977 1220 3048 quae

2 3067 4 3153 l
147 3051 284 3126 amalo
296 3051 526 3148 infliguntur,
552 3049 739 3146 sustinere,
765 3067 807 3127 ut
822 3055 931 3130 hostis
948 3053 1099 3130 studium
1112 3078 1220 3130 aemu

144 3151 241 3231 latio
264 3149 395 3226 nostrae
419 3151 687 3246 aquanimitatis
710 3154 841 3230 eludat.
893 3151 928 3228 Si
949 3177 1040 3232 voro
1059 3155 1220 3247 quedam

128 3249 214 3346 ,ipss
231 3253 269 3324 in
285 3247 384 3344 nos,
416 3269 479 3326 aut
500 3253 767 3346 imprudentia,
801 3267 862 3325 aut
883 3251 1011 3348 sponte
1036 3255 1144 3330 enan
1167 3255 1220 3330 su·

147 3349 409 3448 perducimus,
445 3373 544 3444 aeque
569 3351 748 3444 patienter
774 3355 976 3448 obeamus,
1011 3377 1088 3450 quae
1112 3359 1219 3430 nobis

66 3491 69 3498 ·
148 3447 378 3542 imputamus.
437 3448 549 3552 Qu'od
570 3450 596 3526 li
621 3472 641 3522 a
664 3449 812 3528 domino
839 3456 1013 3544 nonnulla
1042 3457 1220 3530 credimus
1267 3469 1268 3530 l

149 3543 291 3644 incuti,
325 3551 383 3622 cui
400 3551 511 3722 magis
531 3551 740 3644 patientiam
765 3573 869 3646 quam
893 3553 1043 3639 domino
1063 3559 1220 3648 praebea-
1267 3551 1268 3630 ?

149 3645 259 3722 musi
297 3649 397 3746 Quin
416 3651 558 3746 inuper
623 3651 748 3726 atulari
773 3651 982 3752 &gaudere
1001 3677 1070 3732 nos
1093 3653 1219 3752 docet,

62 3828 67 3842 g
152 3743 361 3842 dignatione
382 3748 512 3824 divinas
532 3772 576 3824 ca
608 3751 789 3847 'gationis
847 3747 955 3849 Ego,
988 3755 1105 3848 inquit
1126 3777 1218 3850 quos

151 3839 295 3958 diligo,
330 3845 475 3949 castigo.
539 3843 741 3928 Oserrum
768 3853 868 3930 illurn
900 3854 1077 3950 beatum,
1117 3858 1218 3952 cujus

1051 3977 1171 4036 emen·
