2634 4336
166 194 243 271 414
314 175 363 276 Q.
389 165 697 254 Semnum
722 167 1092 254 Trarunnrnur

167 335 306 416 funeris
320 335 359 410 u
374 335 497 410 honor
509 353 706 432 corporum
723 328 908 431 servetur,
936 336 1161 416 &memoria
1174 339 1248 416 ad·

164 435 327 525 tertuum
342 451 575 530 temperetur.
622 432 791 532 Ceterum
803 457 906 528 quam
924 459 1055 513 vanum
1068 456 1110 511 ut
1121 441 1248 519 anima

170 536 335 629 corporis
347 535 438 630 justa
453 533 638 628 sustineat,
666 532 760 628 quali
777 537 909 628 aliquid
920 559 975 632 ‚eu
993 539 1062 611 iilis
1084 539 1128 613 ad
1146 541 1246 615 infe·

168 658 233 711 roa
248 635 405 710 avehat?
438 633 563 708 Multo
581 635 709 709 vanius
732 635 754 708 si
775 635 902 727 injuria
918 637 1149 732 deputabitur
1165 641 1245 714 ani·

33 767 41 776 ’
122 771 128 784 ·
168 733 443 829 mae‚·ceffati0
469 733 683 830 sepulturae,
722 757 827 828 quam
850 756 919 831 pro
946 741 1059 834 gratia
1085 737 1245 814 deberet

166 833 344 930 ‘ampletti
404 832 542 927 Utique
569 835 663 910 enim
688 835 823 908 tardius
852 835 897 908 ad
919 833 1058 921 inferos
1085 837 1243 917 abstrahi

167 938 313 1030 mallet,
347 957 424 1030 que
444 954 513 1010 nec
533 935 625 1008 mori
647 935 778 1010 voluit.
837 931 985 1012 Amabit
1000 939 1146 1030 impium
1167 939 1242 1012 hae·

167 1036 316 1130 tedem,'
339 1045 404 1129 pet
421 1054 526 1127 quern
543 1034 659 1108 adhuc
674 1031 827 1128 pascitur
844 1035 952 1108 lucet
968 1038 1068 1110 autsr
1085 1059 1154 1132 qua
1165 1058 1243 1132 pro

161 1127 275 1234 {certo
296 1136 424 1228 injuria
441 1131 491 1208 est
511 1133 646 1208 tardius
670 1131 731 1208 sub
751 1147 882 1210 terram
905 1135 1073 1230 detrudi,
1107 1139 1241 1212 titulus

24 1255 33 1262 ·
164 1227 290 1326 putem
314 1235 451 1326 iniuriae
475 1229 620 1308 cenatio
647 1231 698 1308 est
723 1231 938 1330 sepulturae,
975 1257 1147 1330 perquam
1172 1237 1242 1331 ini·

163 1357 281 1429 quum
302 1357 380 1408 eam
399 1335 527 1428 injuria
543 1329 669 1425 adfici,
704 1335 761 1406 cui
784 1354 861 1408 non
879 1333 1112 1430 imputabitur
1130 1333 1241 1411 cess'a·

166 1436 226 1508 tio
241 1435 449 1530 sepulture,
468 1433 511 1508 ad
523 1435 710 1528 proximos
723 1431 857 1507 scilicet
871 1437 1066 1528 pertinens.
1116 1433 1242 1530 Ajunt

164 1535 206 1620 „u
220 1535 407 1611 immatura
425 1547 545 1611 morte
566 1545 770 1630 praeventas
791 1551 953 1628 eousque
977 1535 1096 1632 vagari
1115 1535 1240 1632 isthic,

166 1637 291 1710 donec
313 1635 506 1726 reliquatio
536 1633 760 1728 compleatur
785 1634 923 1730 etatis,
957 1653 1026 1728 qua
1051 1656 1131 1710 cum
1157 1635 1239 1732 per·

116 1735 119 1742 ’
166 1733 362 1829 mixiiient,
388 1735 413 1808 st
435 1755 512 1808 nnn
532 1731 783 1838 intempestive
802 1731 982 1810 obiiffent.
1031 1731 1150 1808 Porro
1176 1749 1239 1812 aut

171 1835 368 1910 constituta
382 1833 461 1908 sunt
476 1847 642 1927 tempora
654 1833 867 1926 unicuique,
890 1833 925 1906 ἀ
942 1831 1139 1908 constituta
1151 1842 1238 1930 prae'*

165 1935 238 2030 ripi
255 1930 356 2028 poffe
369 1955 446 2010 non
462 1933 624 2026 credam,
654 1945 716 2004 aut
730 1931 754 2006 si
771 1933 968 2007 constituta
979 1931 1061 2008 sunt
1075 1935 1236 2037 quidem,

164 2015 242 2114 Dei
257 2051 378 2120 tamen
395 2035 589 2112 voluntate
609 2035 668 2105 vel
686 2033 801 2124 aliqua
814 2022 994 2126 potestate
1008 2034 1237 2120 mutilantur:¹

165 2131 299 2228 frustra
319 2130 553 2227 mutilantur,
584 2129 610 2206 fi
627 2133 699 2226 jam
717 2131 857 2228 impleri
878 2127 1058 2210 sustinent.
1111 2131 1236 2212 Antii

64 2283 66 2287 -
170 2255 248 2308 non
266 2231 348 2307 sunt
364 2231 580 2330 constituta,
604 2231 702 2305 nulla
726 2235 796 2306 erit
815 2231 1008 2326 reliquatio
1028 2245 1237 2332 temporum

111 2330 114 2350 '
167 2323 248 2418 nun
263 2331 554 2416 constitutorum.
581 2327 718 2408 'Adhuc
730 2331 871 2406 addam:
887 2325 987 2406 Ecce
1001 2335 1095 2408 obiit
1109 2333 1235 2430 (verbi

131 2653 145 2684 0
200 2635 208 2649 .

77 2721 85 2750 ι
164 2631 422 2834 ἔξίῗᾞξηθω
434 2731 622 2832 ῃῃῆμῑ,
647 2731 751 2824 quale
765 2729 840 2806 est?
866 2729 1037 2806 Aetatem
1047 2735 1145 2808 enim
1157 2757 1235 2818 nou

87 2483 116 2503 t·
163 2434 303 2534 gratia)
319 2433 436 2508 infans
456 2431 520 2508 sub
543 2431 695 2508 uberum
712 2429 896 2526 fontibus,
923 2447 1010 2530 puta
1029 2454 1127 2513 nunc
1145 2457 1236 2528 puer

164 2533 339 2628 investis,
357 2547 453 2706 Iputa
466 2529 669 2628 vesticeps,
696 2531 756 2624 qui
776 2547 895 2606 tumen
915 2529 1102 2630 octoginta
1119 2557 1235 2610 annos
1260 2611 1265 2628 ,

373 2631 497 2727 uisset,
531 2631 600 2708 hos
619 2645 842 2726 praereptos,
875 2644 918 2704 ut
941 2635 1055 2708 anima
1078 2637 1154 2728 ejus
1178 2635 1236 2712 hic

113 2870 116 2910 r
165 2830 292 2926 potest
311 2853 442 2926 capere
460 2831 534 2908 fine
558 2853 740 2926 corpore,
774 2832 856 2926 quia
880 2835 945 2916 per
969 2853 1127 2926 corpora
1148 2857 1236 2930 ope·

164 2945 296 3008 rantur
319 2945 453 3008 aetates.
515 2929 643 3010 Nostri
670 2948 792 3006 autem
814 2931 902 3006 illud
926 2952 1071 3026 quoque
1096 2937 1246 3034 recogi,

165 3019 271 3128 bent,
297 3051 456 3128 corpora
472 3029 596 3108 eadem
609 3046 815 3131 recepturas
829 3033 867 3106 in
883 3028 1144 3108 resturettione
1164 3037 1235 3109 ani·

164 3153 266 3226 mas,
289 3131 327 3204 in
341 3129 471 3224 quibus
484 3129 719 3216 deceiiemnt.
770 3131 880 3207 Iidem
896 3151 984 3230 ergo
1000 3131 1234 3228 sperabuntur
1293 3217 1295 3228 ,

170 3229 419 3325 &corporum
436 3231 557 3327 modi,
589 3229 625 3306 a
646 3231 778 3308 eedem
798 3229 921 3306 etates
938 3253 1016 3324 quae
1038 3253 1235 3328 corpomm

61 3327 67 3339 ’
165 3328 462 3413 modosfaciunt.
507 3333 596 3430 Quo
610 3350 698 3430 ergo
711 3323 817 3428 patto
830 3329 952 3426 potest
963 3331 1107 3430 insanus
1120 3337 1234 3422 anima

163 3429 231 3508 bie
253 3429 444 3530 transigere
465 3444 641 3528 prerepta
663 3445 853 3526 tempora,
878 3445 921 3508 ut
935 3430 1235 3528 ottogenariare·

156 3527 289 3628 purgat
304 3532 343 3606 in
362 3547 520 3624 corpore
539 3529 664 3607 meniis
685 3529 823 3605 unius?
861 3529 942 3606 Aut
964 3532 991 3606 ss
1013 3533 1072 3606 hic
1094 3529 1231 3614 necess'e

100 3639 102 3644 “
165 3628 239 3718 erit
253 3651 296 3703 ea
309 3643 476 3729 tempora
490 3629 651 3726 impleri,
679 3651 757 3724 quae
772 3629 915 3706 fuerunt
932 3630 1124 3725 destinata,
1149 3654 1231 3710 num
1282 3661 1286 3678 ·

164 3729 204 3800 a&
222 3729 388 3803 ordinem
406 3731 512 3822 vite,
547 3749 654 3824 quem
673 3729 798 3804 sortita
818 3731 898 3806 sunt
914 3744 1082 3824 tempora
1100 3734 1233 3828 pariter

26 3879 47 3929 ι.
160 3847 253 3928 ,cum
266 3829 335 3908 iuis
351 3827 420 3956 bic¹
433 3825 671 3940 destinatum,
692 3829 827 3928 pariter
841 3831 902 3918 hic
922 3832 1038 3910 anima
1051 3831 1230 3937 decurret„
1281 3907 1292 3922 ,

997 3935 1249 4006 ‘ut'
