2634 4336
137 167 210 254 384
264 156 313 258 Q.
340 97 651 244 Sermiana„
677 108 1062 232 Tanruanrsrrr

136 307 343 394 eo'rd'entur.
405 314 558 416 Perinde
583 317 643 410 qui
663 311 802 414 integre
819 319 955 392 morati·
972 311 1213 394 communda-

135 420 259 494 verint
278 418 389 509 iudici
413 420 551 508 vitam,
579 437 700 510 quaro
720 415 887 511 praemia,
913 415 972 494 sed
998 419 1123 511 potios
1148 419 1211 494 in·

135 520 248 595 venio
271 515 450 611 supplicia.
510 515 690 592 Nimirum
711 533 839 614 magna
865 535 1003 591 merces
1031 519 1139 590 bonis
1162 521 1210 594 in

136 618 298 694 animalia
312 633 532 709 quaecamque
545 615 693 690 restitui.
721 663 724 678 ·
742 614 879 690 Pavum
896 613 931 690 se
945 617 1108 692 meminit
1121 615 1207 690 Ho-

135 737 254 796 merus
271 711 391 790 Ennio
412 714 627 790 somniante:
660 713 721 789 sed
738 715 860 788 Poetis
880 737 949 789 nec
970 713 1214 814 vigilantiboe‘

138 817 291 902 credam.
340 811 415 888 Etsr
435 813 694 908 pulcherrimus
713 835 849 909 pavus,
877 814 910 888 ur
929 833 1003 906 quo
1024 816 1117 888 velit
1137 835 1211 890 eon¹
1307 819 1308 882 ξ

136 920 217 1002 lore
235 911 458 1007 cultiiiimus,
484 911 543 987 sed
558 926 683 988 tacent
697 916 832 1008 pinne,
859 911 918 988 sad
934 913 1096 1008 displicet
1108 935 1206 992 vox.

136 1015 187 1094 Et
201 1014 324 1092 Poeta
345 1013 432 1088 nihil
450 1013 541 1086 aliud
563 1035 666 1106 quam
682 1027 827 1088 cantare
845 1017 993 1092 malunt.
1046 1014 1215 1090 Damna<

67 1168 69 1179 a
137 1132 197 1192 tus
222 1113 273 1188 est
296 1111 403 1210 igitur
426 1112 607 1188 Homerus
630 1115 850 1207 inparem,
883 1114 1207 1215 nonhonoratus.

91 1212 92 1224 '
135 1212 221 1292 Plus
239 1214 283 1288 de
298 1212 406 1288 seculi
422 1215 713 1290 remuneratione
726 1211 913 1312 gaudebit,
940 1225 1043 1306 pater
1058 1213 1212 1288 habitus

113 1394 118 1407 ,
138 1315 338 1394 liberalium
362 1311 651 1406 disciplinarum,
688 1327 730 1386 ut
749 1313 853 1386 ,malit
877 1312 979 1388 fmnae
1004 1309 1070 1386 suae
1094 1331 1212 1400 ornas
1261 1403 1268 1409 ,

138 1427 281 1510 menta,
313 1431 417 1506 quam
432 1411 584 1508 gandia·
628 1408 852 1509 Agerium,
883 1427 926 1488 ut
946 1411 1067 1486 Poerae
1086 1412 1125 1486 in
1139 1431 1207 1506 pa·

139 1537 233 1606 vos,
260 1515 324 1588 uel
344 1513 381 1586 in
402 1531 540 1606 cycnos
563 1509 763 1606 transeant,
796 1511 821 1585 sr
842 1511 903 1586 vei
924 1513 1047 1606 cycnis
1067 1511 1229 1588 decora

138 1635 220 1688 von
237 1613 306 1708 est,
326 1611 570 1705 quodranimal
582 1612 707 1686 indues
720 1611 804 1684 viro
812 1610 908 1705 justo
922 1609 1076 1688 Aeaco?
1094 1632 1213 1706 quana

138 1713 287 1795 bestiam
299 1711 610 1810 integraefoemine
623 1707 790 1786 Didoni?
813 1729 920 1803 quam
936 1713 1125 1786 vomerem
1141 1729 1206 1806 pa·

139 1816 288 1907 tienne,
315 1833 418 1906 quam
433 1809 610 1905 pecudem
622 1807 867 1903 sanuinonia,
883 1829 989 1904 quem
1002 1809 1136 1906 piscem
1149 1813 1211 1886 iri-¹·

126 1911 313 1992 reuerentia
343 1907 565 1984 sortiannni
582 1947 584 1956 ν
602 1908 734 1984 Omnia
764 1903 897 1988 lanula
925 1909 1005 1984 sunt
1031 1911 1211 2006 hominis,

16 2052 24 2062 ·
142 2014 264 2092 omnia
287 2007 463 2102 iubjeila,
497 2009 619 2086 omnia
639 2009 851 2102 mancipata.
910 2008 1051 2104 Siquid
1072 2012 1207 2088 horum

141 2114 285 2189 futurus
303 2109 374 2202 est,
392 2108 628 2192 diminoratur
643 2108 717 2184 illic
732 2109 807 2202 iile,
825 2107 884 2184 cui
904 2111 953 2184 ob
974 2114 1102 2186 merita
1117 2111 1211 2186 vitae

140 2207 333 2308 imagines,
363 2207 506 2302 statue,
534 2207 708 2302 intituli,
733 2209 895 2284 honores
912 2210 1067 2303 publici,
1093 2213 1206 2308 privi-

141 2313 235 2409 legia
253 2307 524 2404 rependuntur,
551 2309 608 2382 cui
631 2309 748 2402 curia,
781 2310 839 2382 eui
858 2311 1015 2404 populus
1034 2308 1213 2406 suffragiis

141 2411 315 2502 immolat.
345 2409 379 2482 O
391 2407 523 2500 jndicio
539 2407 662 2482 divina
672 2408 754 2504 post
765 2423 920 2484 mortem
935 2409 1096 2484 humanis
1108 2416 1214 2488 maha
1246 2490 1251 2507 ι

144 2511 302 2602 diciora,
324 2508 614 2604 ‚contemptibilia
630 2508 675 2582 de
695 2509 830 2602 pronis,
856 2507 1054 2584 fastidibilia
1072 2509 1115 2582 de
1130 2531 1207 2606 gra·
1229 2553 1240 2564 -

104 2689 106 2696 ,
143 2611 223 2704 tiis,
251 2629 329 2701 quar
347 2629 416 2682 nec
438 2607 568 2702 peiiimi
588 2621 770 2701 metuant,
797 2630 869 2684 nec¹
890 2609 1016 2704 optimi
1041 2611 1213 2704 cupiantt

145 2710 288 2802 adquae
311 2707 419 2804 magis
444 2705 603 2802 scelesti,
636 2729 739 2800 quam
762 2706 866 2784 fanen
887 2713 1018 2804 quique
1034 2727 1208 2825 propera·

143 2813 258 2902 bunt,
290 2807 360 2902 illi,
392 2819 434 2880 ut
450 2806 619 2900 Justirian
633 2803 744 2882 seculi
760 2808 865 2882 citius
886 2810 1068 2900 evadunt,
1093 2809 1149 2882 tsti
1163 2823 1214 2885 ut,

144 2909 279 2984 tardius
302 2927 381 2982 eam
398 2909 550 3000 capiant.
601 2903 700 2982 Bene
719 2903 925 3000 Philosophi
944 2907 1106 2998 docetis,
1138 2908 1216 2984 uti.
1252 2929 1258 2946 ·

80 3017 86 3033 '
144 3011 227 3086 liter
241 3003 415 3099 suadetis,
441 3007 582 3082 leviora
596 3005 845 3100 postmortem
858 3001 1026 3102 supplicia
1041 3007 1104 3082 vei
1121 3027 1207 3102 pra·
1231 3055 1234 3060 ι

86 3167 90 3176 .
144 3109 226 3186 mia.
277 3103 369 3181 Cum
391 3107 416 3182 ii
440 3106 539 3201 quod
556 3103 730 3199 judicium
743 3107 876 3182 minas
893 3123 1036 3200 manet,
1062 3107 1210 3206 gravius

146 3207 276 3286 debeat
298 3206 394 3281 credi
415 3205 455 3280 in
482 3203 724 3299 disparuisse
746 3207 854 3300 ‘vite,
880 3227 984 3298 quarn
1003 3207 1041 3280 in
1063 3207 1206 3282 admiru-

145 3307 335 3386 stratione:
361 3307 444 3400 quia
458 3305 547 3382 nihil
563 3303 729 3401 plenius,
754 3305 977 3400 quam'quod
994 3305 1210 3384 extremiora

27 3419 29 3430 '
145 3407 234 3484 nihil
250 3417 368 3482 autem
383 3408 543 3500 plenius,
569 3423 675 3498 quam
692 3407 789 3498 quod
807 3405 973 3482 divinius.
1026 3404 1127 3480 Deos
1143 3409 1214 3482 ita-r

147 3528 217 3600 que
230 3506 405 3598 iudicabit
422 3506 581 3601 plenius,
605 3507 690 3596 qiua
705 3505 899 3605 extremius
914 3523 982 3602 per
997 3503 1213 3602 sententiaro

146 3619 315 3684 arternum
331 3619 404 3680 tam
416 3604 575 3702 supplicii
591 3625 695 3698 quum
710 3601 905 3703 refrigerii,
931 3625 1000 3686 nec
1015 3607 1050 3680 in
1064 3605 1204 3702 beffiu,

76 3718 79 3728 ’
146 3703 207 3780 sed
228 3705 267 3779 in
288 3703 347 3780 sua
364 3723 523 3801 corpora
540 3703 808 3782 revertentibus
823 3707 1019 3784 animabus.
1070 3701 1119 3782 Et
1133 3709 1211 3783 imo

146 3801 350 3885 ienuam
363 3805 553 3890 modion
568 3821 675 3914 quern
686 3801 784 3892 inlus
798 3805 1046 3906 prisrnopit,
1071 3809 1214 3984 ffienl

244 3975 249 3986 ι
266 3961 283 3986 d
703 3960 713 3981 δ
1139 3927 1162 3986 a
