2596 4336
216 256 220 268 ·
290 195 376 308 'us
399 225 813 313 taunucuntsrt.
1019 253 1093 333 499

106 395 145 472 6.
171 389 242 468 Sed
257 392 399 486 quidam
414 389 590 468 discentes
606 389 750 466 Pontici
765 394 879 487 iliius,
905 387 1009 488 tren
1024 415 1096 470 ma·

12 491 180 597 gistrum
208 494 329 589 sapere
354 492 556 588 compulsi,
591 493 802 578 concedunt
819 493 961 568 Christo
976 496 1093 570 carnis

12 597 250 686 veritatem,
283 591 356 668 srne
375 591 583 686 prejudicio
608 605 728 666 tamen
747 591 941 680 renuenda
963 595 1094 668 nativi·

12 697 131 772 tatis.
183 691 378 786 Habuerit,
412 691 600 784 inquiunt,
633 711 794 780 emnem,
825 689 911 768 dum
939 696 1093 770 omnino

12 813 112 874 non
132 804 264 867 natam.
315 791 549 868 Pervenimus
563 794 669 886 igitur
685 791 731 865 de
745 789 1027 890 calcatis(quod
1044 793 1094 868 di·
1228 799 1230 806 '

13 895 58 970 ci
75 890 197 990 solet)
210 894 248 966 in
263 891 527 980 carbonariam,
545 911 565 964 a
578 891 769 966 Marcione
784 894 828 966 sd
843 889 1015 986 Apellen,
1031 895 1093 984 qui

12 993 267 1092 posteaquam
281 1011 300 1064 a
314 990 494 1086 discipline
511 991 710 1066 Marcionis
722 992 759 1066 iu
780 994 967 1068 mulierem
984 1011 1096 1066 carne
1152 1041 1156 1049 Α

12 1089 175 1188 lapsus,
210 1089 244 1164 tr
261 1089 393 1166 dehinc
413 1093 449 1164 in
465 1089 605 1186 virgine
622 1089 834 1167 Philumene
851 1091 975 1186 spiritu
992 1111 1094 1165 ever·
1160 1147 1164 1156 ,

11 1193 88 1270 sus
108 1189 183 1278 est,
209 1188 359 1282 solidum
381 1187 509 1264 Christi
528 1209 661 1282 corpus
678 1187 713 1264 dt
732 1189 805 1264 stne
821 1191 1012 1266 nativitate
1027 1189 1095 1264 sus-
1253 1259 1261 1265 .

11 1293 138 1386 cepit
152 1293 198 1364 ab
216 1311 275 1363 ea:
302 1289 497 1383 praedicans
519 1301 561 1364 ut
575 1291 722 1385 angelus
742 1290 884 1380 quidem
904 1291 954 1363 ilii
973 1287 1093 1365 Philu-

12 1409 174 1472 menes.
223 1385 359 1464 Eadem
389 1409 487 1466 voce
510 1385 708 1482 Apostolus
728 1385 979 1482 respondebit:
1010 1391 1094 1482 quia

11 1489 150 1588 ipsum
171 1490 270 1566 illum
290 1490 362 1580 iam
382 1499 471 1562 tune
493 1488 737 1580 praecinebat,
763 1489 914 1564 dicens:
936 1489 1094 1588 Etimfi

13 1591 164 1686 angelus
190 1591 227 1661 ds
248 1591 328 1660 culis
353 1591 453 1660 aliter
476 1589 877 1682 evangelizaverimus,
913 1613 1010 1688 quarn
1035 1613 1094 1662 aros

11 1689 352 1784 evangelizantem,
383 1687 559 1760 anatim
567 1687 623 1783 1⁵¹·
680 1686 744 1762 liis
769 1705 883 1780 vero,
915 1689 976 1780 qui
1001 1685 1094 1764 insu·

11 1811 101 1890 per
115 1799 427 1886 argumentantur,
449 1807 521 1860 nos
536 1783 734 1862 resistimus.
786 1783 1094 1864 Confitenturve·
1176 1805 1183 1816 ·

11 1915 67 1968 re
100 1907 235 1983 corpus
259 1885 416 1965 habuilie
433 1881 634 1962 Christum:
659 1884 757 1961 unde
772 1888 946 1980 materis,
970 1885 1094 1964 finon

14 2011 77 2070 ex
102 1988 357 2081 esqualitate,
380 1987 486 2078 inqu
515 1969 738 2060 noceatur?
764 1983 874 2060 Unde
891 1985 1093 2082 carpunt

12 2107 113 2170 non
137 2107 222 2160 caro
241 2083 407 2182 corpus?
435 2083 475 2158 U
526 2099 678 2172 scaro,
711 2084 838 2160 srnon
860 2083 978 2162 natal
1009 2087 1094 2179 qtu'a

12 2187 131 2270 nasei
151 2186 299 2260 haberet
318 2207 362 2260 et
379 2183 499 2260 sutura
514 2202 592 2278 qua
609 2181 775 2260 nascitur.
825 2183 886 2260 De
905 2183 1092 2280 sideribus,

11 2287 228 2380 inquiunt,
261 2283 295 2358 dt
315 2287 363 2360 de
380 2283 579 2361 substantiis
600 2283 790 2378 superioris
811 2283 934 2358 mundi
953 2297 1093 2360 mutua·

13 2407 92 2466 tus
113 2381 166 2459 est
180 2403 337 2463 earnem.
388 2381 437 2458 Et
452 2385 580 2475 utique
599 2393 817 2478 proponunt
838 2401 917 2458 non
936 2382 1007 2458 esse
1028 2385 1094 2460 mi·

12 2485 184 2568 randum
200 2503 334 2578 corpus
348 2483 424 2561 line
439 2486 654 2574 nativitate,
680 2501 764 2556 eum
781 2479 815 2554 dt
835 2482 930 2575 apud
944 2499 1015 2556 nos
1032 2501 1093 2558 an·

12 2587 125 2690 gella
150 2585 314 2676 licuerit,
347 2585 447 2658 nulla
469 2585 563 2656 uteri
586 2601 701 2678 opera
718 2583 755 2655 in
782 2601 926 2656 carnem
949 2580 1093 2674 proces·

11 2681 122 2767 fillis.
174 2681 411 2779 Agnoscimus
433 2683 577 2778 quidem
599 2683 651 2758 ita
668 2683 845 2774 relatum,
872 2679 932 2756 sed
949 2693 1095 2776 tamone

14 2785 143 2884 quale
158 2780 228 2869 est,
254 2796 297 2856 ut
314 2785 458 2858 alterius
478 2785 608 2878 regule
636 2775 750 2868 fides,
778 2783 823 2856 ab
840 2801 883 2856 ea
896 2777 969 2855 fide
984 2801 1092 2873 quam

14 2879 1091 3081 ttt’t‘”siiilttltttittttttttll‘tl·

160 3039 170 3058 ι
632 3027 644 3068 p
1078 3016 1092 3038 ⁶

10 3081 116 3163 cit?
141 3077 176 3155 Si
191 3081 398 3156 alinsDeus
412 3077 482 3172 cst,
509 3082 612 3154 aliter
632 3079 772 3154 lintres
788 3081 877 3172 ejus.
928 3073 977 3152 Et
989 3089 1093 3152 utan-

10 3205 93 3264 ων
126 3181 284 3256 baeretici
308 3200 436 3257 omnes
466 3178 647 3274 scripturis
676 3179 774 3274 ejus,
813 3179 913 3269 cuius
939 3187 1093 3250 utuntur

13 3285 143 3364 etiam
157 3281 307 3358 mundo.
358 3278 439 3354 Erit
452 3279 525 3354 iliis
536 3279 612 3354 hoc
629 3298 777 3373 quoque
790 3279 828 3352 in
846 3273 1093 3352 testimonium

10 3381 180 3482 judicii,
207 3381 306 3476 quod
321 3379 367 3454 de
381 3379 556 3475 exemplis
571 3379 677 3473 ipsus
699 3373 1024 3471 blasphemiassuas
1039 3377 1092 3450 in·

11 3485 186 3564 munt.
237 3477 428 3570 Facileest
439 3479 584 3596 veritati
601 3481 708 3553 etlam
725 3479 813 3550 nihil
833 3477 906 3550 tale
922 3473 1091 3591 adversus

10 3577 788 3776 ttttit‘ttbtbtll'iitnliittl
803 3571 1090 3754 tl‘ttli

13 3793 163 3860 centes
182 3775 319 3852 seilicet
335 3799 524 3870 carneam,
551 3787 764 3870 comparent
779 3773 888 3848 velint
904 3771 938 3846 t
957 3771 1091 3848 caussas

11 3899 107 3961 caru
122 3875 271 3989 Christi,
292 3899 401 3976 otum
415 3877 450 3954 tr
464 3877 691 4050 anglelorum,
719 3875 768 3952 ob
787 3873 931 3966 quaein
946 3889 1091 4045 carpere

201 4026 227 4050 ..
557 3978 618 4052 ia
899 3989 1043 4070 proce·
