2572 4336
171 177 217 249 ra
255 116 266 136 ’
316 157 365 262 Q.
389 154 524 234 serr.
549 141 687 244 Fron,
712 155 1076 253 Tearuxuraur

6 321 7 326 ἵ
132 377 137 382 -
187 354 191 375 ¹
243 338 278 412 ς.
302 319 468 418 Tamen,
493 322 631 413 lnquit:
656 321 900 416 ueaiogaad
924 315 1091 394 Pelium?
1125 313 1234 416 Quid

6 495 8 516 ,
171 423 266 500 enim
299 416 321 496 sr
345 445 365 496 a
393 423 592 496 diademate
616 417 651 494 δι
673 441 693 494 a
718 417 893 514 sceptrui
930 419 990 492 An
1021 421 1122 494 aliter
1147 437 1225 492 mu-

6 603 7 618 ,
56 529 85 570 ⁵
167 525 263 597 tavit
303 521 538 612 Anacharsis,
574 529 658 598 eum
707 504 820 618 re'gno
867 519 1022 614 Scythiae
1066 515 1228 613 philoso·

6 621 8 642 '
197 618 292 698 iriam
322 619 539 716 praevertit?
573 619 686 696 Nulla
714 621 752 694 in
779 622 905 694 melius
933 617 1128 716 transgressi
1155 617 1226 691 sant

168 645 283 820 lgnau
316 719 367 796 esi
388 722 530 804 habitur
548 719 611 796 iste
634 703 877 813 quod'iaciat
928 717 1027 792 Prius
1050 717 1227 794 etiamad

168 823 364 917 fimplicem
406 821 620 916 captatelam
653 824 753 912 ejus3
789 823 890 894 nullo
927 817 1035 892 taedio
1073 817 1228 895 constat.

169 914 278 1018 Adeo
298 941 368 994 nec
386 919 560 997 artificem
579 917 721 996 necesse
746 917 819 1012 est,
839 919 904 1014 qui
930 917 1042 1010 pridie
1061 937 1161 1014 rugas
1180 917 1233 990 al>

170 1019 491 1112 exordiosormet,
517 1019 650 1094 &inde
669 1019 824 1094 deducat
838 1019 1008 1114 intalias,
1034 1029 1229 1108 totumque

78 1120 81 1126 ’
170 1117 542 1216 εοιιιτιέὶίμωὺοιιίε
568 1117 777 1218 figmentum
802 1117 1008 1196 custodibus
1027 1117 1229 1212 forcipibus

169 1219 335 1316 assignata
369 1219 500 1297 dehinc
524 1219 685 1294 diluculo
708 1220 830 1294 tunica
852 1221 949 1312 prius
975 1219 1119 1314 cingulo
1145 1235 1227 1290 cor·

41 1357 47 1379 ι
169 1335 293 1414 repta,
320 1339 422 1410 quam
440 1315 624 1414 prestabat
638 1317 917 1394 moderatiorem
933 1313 1082 1392 texuisse
1098 1315 1228 1411 recog·

168 1421 250 1494 nito
268 1415 382 1492 rursus
398 1421 578 1512 umbone,
604 1417 638 1492 ἀ
659 1419 683 1494 si
702 1417 787 1512 quid
814 1417 1036 1492 exorbitavit
1056 1413 1228 1490 reforma·

82 1587 87 1596 ,
168 1531 237 1608 to,
268 1531 405 1614 partem
436 1517 579 1612 quidem
608 1519 785 1608 dalaevo
813 1517 1020 1612 promittat,
1055 1517 1228 1591 ambitum

168 1637 262 1694 vero
281 1617 356 1710 ejus
377 1639 421 1692 ex
440 1639 514 1712 quo
532 1617 624 1694 finus
648 1615 802 1694 nascitur
813 1617 885 1710 jam
900 1613 1151 1692 deficientibus
1172 1627 1228 1688 ta·

103 1745 110 1769 ·
169 1717 288 1810 bulis,
313 1717 472 1792 retrahat
496 1717 703 1812 ascriptus,
730 1715 762 1790 ἅ
787 1713 928 1790 exclusa
948 1715 1095 1790 dextera
1110 1717 1147 1788 in
1166 1715 1227 1786 lae·
1277 1745 1280 1878 ¹

169 1837 254 1892 vam
270 1815 386 1890 adhuc
400 1831 578 1914 congerat
598 1837 679 1892 cum
699 1817 771 1890 alio
789 1817 863 1910 pari
881 1819 1044 1890 tabulato
1067 1817 1105 1888 in
1125 1827 1228 1910 terga

169 1915 333 2010 devoto,
363 1928 471 2008 atque
497 1917 548 1992 ita
571 1915 754 1990 hominem
781 1911 915 1988 sarcina
939 1913 1078 1990 vestiat.
1129 1909 1230 1988 Cou-v

169 2015 354 2102 scientiam
374 2013 530 2108 denique
551 2027 648 2092 tuam
664 2013 887 2112 perrogabo,
909 2013 997 2106 quid
1020 2029 1057 2086 te
1073 2013 1167 2106 prius
1186 2015 1227 2108 in

11 2179 14 2186 ,
166 2131 257 2212 toga
271 2113 400 2190 sentias
414 2115 589 2201 indutum,
616 2111 913 2190 anneouustum?
938 2113 1072 2187 habero
1088 2109 1228 2188 vestem
1279 2183 1280 2190 a

68 2208 71 2214 ’
136 2295 139 2300 Δ
171 2207 216 2290 an
234 2213 416 2290 baiulare?
441 2213 477 2290 Si
492 2211 829 2312 negabtmdomum
844 2211 1062 2304 consequar,
1085 2211 1228 2285 videbo
1276 2251 1280 2362 ¹

75 2352 80 2363 .
172 2316 255 2407 quid
270 2311 557 2390 statimalimine
602 2335 771 2410 mperes:
796 2315 928 2386 nullius
950 2307 1115 2408 prosette
1136 2311 1227 2394 alte·

170 2417 243 2495 tius
258 2414 458 2490 indumenti
469 2337 646 2510 exposllio
663 2435 769 2507 quarn
778 2425 873 2510 togae
886 2413 1090 2508 gratulatur.
1140 2407 1223 2483 Cal·
1277 2429 1280 2480 r

171 2535 259 2594 ceos
274 2513 364 2588 nihil
378 2511 550 2608 dicimus,
575 2515 761 2608 proprium
780 2526 875 2608 toga·
896 2525 1138 2602 tormentum,
1162 2512 1228 2584 im·

169 2609 564 2708 mtrndiffimampedum
578 2613 746 2706 tutelam,
771 2605 1096 2703 verunufaliam,
1119 2630 1228 2700 quem

172 2713 267 2788 enim
283 2732 361 2792 non
376 2713 543 2808 expediat
558 2711 786 2810 inalgore&
805 2711 933 2786 ardore
949 2711 1063 2806 rigere
1077 2709 1229 2804 nudipe·
1279 2749 1280 2754 Ν

171 2813 275 2908 dem,
300 2831 405 2906 quam
426 2813 463 2898 in
488 2813 613 2886 calceo
638 2807 899 2906 vincipederos
923 2831 1088 2908 magnum
1116 2807 1229 2882 intes:

104 2991 108 3006 ,
168 2911 221 2988 sui
236 2915 499 2988 munimentum
519 2911 660 2988 sutrino
683 2911 851 2986 Venetie
873 2897 1115 3004 prospexere,
1147 2929 1229 3000 per·
1275 2953 1280 3038 l

171 3033 264 3088 ones
282 3007 527 3108 effeminatos.¹
574 3011 626 3090 At
645 3011 740 3087 enim
765 3011 876 3103 pallio
892 3009 981 3084 nihil
1004 3008 1228 3102 expeditius,
1279 3039 1280 3042 Ν

170 3115 278 3188 etiam
300 3111 498 3206 fiduplex,
526 3109 624 3206 quod
644 3109 820 3202 Cratetis,
844 3129 946 3182 mora
968 3127 1140 3200 nusquam
1163 3127 1230 3182 ve·

79 3294 84 3307 ,
169 3209 311 3288 stieudo
325 3231 408 3284 cum
423 3215 571 3307 ponitur
586 3237 599 3299 3
633 3212 766 3304 quippe
784 3219 863 3282 tota
879 3209 1024 3282 molitio
1045 3209 1119 3300 ejus
1135 3229 1230 3301 ope·

168 3313 239 3386 rire
256 3307 307 3388 est
324 3309 497 3405 solutimg
512 3311 549 3385 id
571 3331 616 3384 ex
644 3329 721 3381 uno
742 3305 971 3401 circumjeslu
992 3303 1103 3398 licet,
1130 3307 1231 3396 equi·
1279 3357 1280 3388 2

54 3397 56 3418 ⁴
169 3411 252 3487 dem
278 3429 453 3503 nusquam
476 3413 697 3496 inhumano;
722 3396 772 3480 ita
797 3409 919 3480 omnia
945 3405 1102 3482 hominis
1127 3403 1231 3480 umus

168 3513 343 3608 contegit
395 3511 592 3585 Humerum
615 3507 742 3581 vesana
768 3508 941 3602 exponit,
968 3508 1028 3583 vel
1054 3499 1232 3600 includit,

170 3623 381 3704 ceteroque
399 3611 436 3682 in
455 3609 642 3684 humerum
665 3605 843 3699 adheret,
868 3602 959 3680 nihil
974 3591 1232 3700 circumfulcit,

16 3729 20 3736 ’
166 3711 257 3786 nihil
278 3709 570 3807 circumstringit,
596 3705 686 3782 nihil
701 3704 746 3782 de
764 3701 962 3782 tabularum
976 3701 1048 3780 fide
1064 3703 1231 3878 lfabolrat,

1088 3822 1180 3878 acre

719 3913 731 3938 ‘
788 3943 800 3999 r
