2586 4334
164 139 265 312 ..34⁸
332 205 381 316 Q,
406 195 543 295 surr.
567 201 715 290 lton.
740 175 1123 288 Terruerunt
1174 175 1227 330 ἰ·

191 397 269 456 non
292 373 520 452 sustineretur
540 373 578 448 in
597 369 728 471 mem,
753 373 853 468 quod
872 371 907 447 dr
926 391 1023 448 nunc
1045 373 1169 462 anime
1189 371 1254 448 dn·

190 489 388 571 'cerpuntur
414 473 507 571 apud
531 471 697 568 inferos,
729 473 754 550 [ι
783 472 865 548 solis
892 473 1072 548 animabus
1100 469 1247 548 destina·

191 591 303 650 retur.

213 741 219 760 .,
271 681 326 761 ru.
359 673 557 768 Hucusque
576 667 897 768 praeuruffiombue
919 673 1078 771 egerim,
1112 671 1157 746 ad
1173 693 1252 751 nun.

103 785 106 790 '
192 774 345 853 ludendos
361 772 476 850 sensus
496 775 654 848 omniurn
673 771 944 868 scripturarum,
1065 773 1250 848 emolere·

187 873 388 964 cidivatum
403 875 631 968 pollicentur.
673 869 751 950 Cui
773 891 855 949 cum
872 886 934 946 tot
952 793 1179 1046 *rietes
1195 872 1254 964 iu,

95 1011 101 1025 e
191 975 328 1052 storum
342 974 625 1070 patrociniorum
642 974 963 1066 procurent,‚hon
1069 973 1153 1046 dico
1172 971 1250 1046 lub-

191 1071 326 1150 stantle
344 1073 471 1168 ipfius,
503 1087 578 1148 tum
601 1073 698 1144 vlree
716 1069 809 1165 Dei,
834 1088 912 1146 tum
933 1073 1095 1164 exempla
1113 1091 1248 1166 earum,

192 1185 270 1250 tam
292 1173 450 1246 rationes
468 1171 592 1264 ludicii
616 1169 651 1244 n
673 1171 893 1246 neceffitates
915 1169 1037 1268 ipfius:
1062 1172 1186 1266 utique
1201 1170 1250 1246 se·

151 1265 153 1271 ’
193 1273 349 1346 cundum
369 1271 571 1365 prejudicio
590 1283 651 1342 tot
672 1269 924 1344 auuorrtatum
944 1267 1129 1364 scripturas
1146 1273 1250 1346 intel·
1278 1301 1284 1404 1

192 1373 254 1468 ligi
272 1371 478 1464 oportebit:
512 1389 589 1443 non
613 1365 801 1469 secundum
822 1369 964 1468 ingenia
984 1369 1249 1468 hereticorum,

192 1472 239 1548 de
261 1469 334 1546 sola
357 1469 605 1544 incredulitate
621 1469 830 1544 venientiac
868 1470 950 1562 quia
967 1471 1176 1548 incredibile
1190 1473 1252 1546 ha·

191 1571 320 1648 beatur
342 1567 480 1643 restitui
496 1567 718 1644 substantiam
736 1569 885 1642 interitu
907 1569 1135 1660 subdub’oem3
1169 1591 1252 1648 non

193 1669 324 1762 qula&
338 1667 534 1743 substantie
549 1669 611 1763 ipsr
623 1669 843 1744 inemeribile
858 1669 919 1762 lit,
948 1669 1108 1745 aut-Deo
1121 1667 1252 1765 impos·

49 1789 53 1802 ·
192 1771 314 1861 nuile,
341 1783 404 1842 aut
419 1769 556 1876 judicio
575 1767 749 1842 inhabile:
774 1771 880 1862 plane
894 1769 1124 1863 incredibile,
1143 1770 1254 1848 nnec

192 1868 422 1966 predicatum
447 1867 618 1942 divinitus
637 1866 763 1942 fuerit:
794 1868 857 1941 nisr
879 1870 977 1961 quod
1002 1867 1064 1947 'etfi
1086 1869 1252 1962 predica-

192 1983 271 2042 tum
292 1968 330 2040 id
347 1989 368 2042 e
387 1965 471 2042 Deo
494 1987 571 2042 non
593 1963 733 2059 minet,
758 1967 857 2039 utlro
878 1966 1038 2060 prestrmi
1063 1965 1251 2068 debniss'et,

192 2077 236 2142 ut
255 2079 450 2162 propterea
468 2084 543 2139 non
562 2064 812 2159 predicatum,
847 2067 931 2158 quia
951 2081 1011 2142 tot
1033 2067 1252 2144 annemun-

79 2200 84 2208 ·
173 2167 261 2255 ,bus
282 2165 558 2260 prejudicatum.
611 2161 665 2238 At
685 2185 765 2238 cum
783 2165 914 2240 divinis
934 2187 1079 2262 quoque
1095 2169 1251 2244 vociuu

192 2264 383 2362 personat,
409 2277 513 2338 tanto
529 2263 629 2341 abest
640 2277 683 2336 ut
699 2255 799 2338 aliter
812 2263 1049 2362 intelligatur,
1074 2287 1182 2360 quam
1193 2269 1252 2344 de·

193 2365 347 2442 fiderent
363 2365 443 2460 illa,
470 2385 490 2438 a
506 2365 633 2458 quibus
647 2363 752 2440 etiam
766 2361 839 2439 line
855 2365 986 2440 divinis
1005 2367 1159 2443 vocibus
1169 2389 1253 2462 per·

192 2461 391 2552 suadeatur.
441 2463 636 2538 Videamus
659 2464 767 2561 igitur
785 2465 859 2538 hoc
881 2465 1061 2560 primum,
1091 2487 1252 2558 quonam

192 2561 276 2642 stilo
303 2561 378 2658 spec
401 2561 464 2638 ista
486 2561 684 2658 proscripta
706 2563 759 2638 fit.
820 2563 944 2640 Unum
966 2568 1123 2662 opinor,
1156 2565 1255 2660 apud

196 2681 323 2736 omnes
349 2663 499 2737 ediblum
521 2663 591 2740 Dei
618 2659 981 2758 pendetresurreblio
1008 2679 1252 2744 mortuorum

196 2761 285 2836 Duo
311 2765 424 2836 verba
445 2763 630 2858 expedita,
661 2760 795 2856 decisa,
830 2761 984 2838 detersae
1015 2764 1087 2859 ipsa
1115 2785 1255 2847 conve·

194 2861 292 3036 uu
308 2853 426 3038 ull
440 2859 1257 3040 ,illdibrrlllmlllillutdfflfflb

195 3081 271 3135 ram
294 3061 433 3136 necesse
452 3059 528 3154 est,
554 3060 638 3154 quid
659 3063 735 3154 ejus
757 3063 884 3140 cadere
904 3059 1068 3138 sortitum
1087 3015 1140 3139 sr’t.
1159 2987 1185 3060 q
1202 3063 1257 3140 Si·

83 3184 95 3222 κ
176 3233 178 3240 Α
198 3161 340 3254 quidem
355 3161 441 3235 nihil
458 3159 638 3256 restrrgere
652 3159 871 3258 expectabit,
895 3161 958 3236 nisr
971 3163 1258 3255 quodantesuc·

196 3259 335 3336 ciderit.
400 3261 473 3354 Qui
500 3260 642 3353 ignorat
665 3281 807 3336 carnem
836 3261 964 3336 cadere
987 3281 1053 3356 per
1079 3277 1258 3362 mortem,

223 3359 317 3432 otest
332 3379 409 3432 erm
426 3379 494 3430 nec
506 3357 654 3432 stantem
668 3357 768 3433 nolle
780 3379 845 3454 per
857 3362 980 3436 vitam.
1031 3360 1259 3442 Sententiam

87 3465 89 3470 ’
237 3460 290 3550 ei,
323 3473 449 3530 natura
466 3455 711 3548 pronunciatr·
739 3455 840 3532 Terra
860 3487 912 3547 es,
936 3459 975 3537 U
992 3464 1256 3540 interuallis.

194 3551 245 3628 Et
264 3557 412 3647 quinon
428 3555 526 3630 audit
546 3557 657 3630 videt.
706 3555 818 3634 Nulla
830 3581 927 3635 mors
939 3579 1017 3634 uon
1030 3562 1257 3638 ruinamem·

43 3674 52 3696 ⁸
193 3653 355 3732 brorum.
406 3655 509 3730 Hanc
525 3655 689 3751 corporis
706 3657 838 3734 sortem
853 3660 1018 3754 dominus
1033 3681 1182 3755 quoque
1194 3681 1256 3738 ex·

192 3751 332 3848 prellrt,
359 3754 524 3848 cumipse
540 3754 910 3855 substantiaindutro,
941 3767 1093 3848 Dirum,
1119 3761 1255 3854 inquit,

192 3853 340 3949 templum
359 3855 458 3952 pind,
483 3858 523 3934 (5
540 3856 812 3952 epidaurium
833 3857 1024 3954 resuscitabo.
1084 3857 1258 3976 Ostendit
