2540 4334
261 227 848 315 ntMo‘nonnntr.
1018 257 1115 352 ¹²41·

32 391 102 474 um'
117 391 214 474 Deo
236 395 411 491 credidit,
448 395 617 490 fiquidem
642 394 834 474 secundum
862 393 968 476 fidem
993 385 1087 474 filius
1166 393 1172 397 ’

32 501 91 594 jus
111 519 181 592 es,
209 515 286 571 non
300 493 492 572 secundum
514 517 668 571 carnem.
718 495 1088 592 Autfiposteriorem

32 597 208 674 toreham
226 611 365 692 patrem
383 595 560 692 sequeris,
586 597 622 670 id
642 593 715 690 est,
742 598 939 694 digamum,
964 603 1105 696 recipe.

32 701 49 770 't
70 691 335 772 circumcisum.
385 695 422 771 si
440 697 557 791 rejicis
575 694 839 791 circumcisum,
871 717 961 796 ergo
985 719 1088 774 recu·
1215 735 1219 751 =

32 796 106 872 ibis
125 797 163 872 δι
183 793 383 893 digamum,
410 795 496 870 duas
518 793 764 890 dispositiones
787 797 862 890 eius
884 799 975 874 binis
993 801 1090 874 inter

32 895 49 972 'e
65 897 194 973 modis
212 891 368 970 diversas
384 897 529 970 miscere
550 915 627 970 non
647 897 807 990 poterint
834 897 989 994 digamus
1005 911 1088 977 cum

32 995 294 1071 :ummcisrone
315 992 384 1070 effe
408 993 508 1070 orsus
532 993 604 1090 est,
631 1015 868 1094 monogamus
896 1020 976 1072 cnm
1000 1021 1088 1094 prae·

32 1095 250 1184 utiatione3
284 1095 420 1190 recipis·
434 1095 641 1192 digamiam,
669 1095 821 1170 edmitte
846 1091 1114 1174 &·ciicumci--
1158 1173 1163 1182 ,

32 1197 167 1274 innan.
221 1193 352 1269 Tueris
376 1197 713 1292 preputiationem,
745 1195 880 1270 teneris
905 1199 1087 1273 &mono-
1189 1279 1192 1284 ,

32 1297 154 1390 [amite
209 1293 319 1372 Adeo
342 1308 461 1370 autem
482 1295 688 1392 monogami
705 1294 859 1370 Abrnhae
876 1292 971 1371 filius
993 1320 1031 1371 es
1048 1299 1088 1376 sr-
1130 1377 1134 1385 ,

32 1410 81 1468 :ut
100 1395 137 1470 δι
155 1395 392 1492 preputiati,
424 1405 465 1468 ut
485 1395 510 1469 st
534 1394 818 1490 circumcideris,
850 1396 921 1489 jun
942 1417 1022 1472 non
1043 1399 1087 1474 fis

32 1491 139 1590 ilius,
169 1495 351 1590 quianon
376 1496 445 1570 eris
468 1515 511 1568 en
532 1491 625 1586 fide,
658 1493 717 1568 sed
736 1517 780 1568 ex
799 1495 979 1591 iignrculo
1001 1497 1086 1574 fidei
1190 1529 1192 1534 ’

32 1595 353 1692 npraeputintione
364 1589 572 1688 iustificate.
608 1593 730 1668 Habes
740 1592 976 1690 Apostolum,
993 1597 1087 1676 disce

32 1715 100 1770 ntm
127 1693 293 1786 Galatis3
330 1694 505 1789 proinde,
537 1693 600 1768 etn
624 1694 813 1801 digamiam¹
824 1695 890 1770 tibi
907 1697 1085 1796 intuleris,

32 1815 96 1870 ron
116 1817 157 1869 es
177 1793 274 1868 illius
298 1791 452 1869 Abrahae
475 1787 594 1886 filisu,
622 1794 721 1885 cujus
746 1787 835 1868 fides
857 1797 895 1870 in
914 1819 1088 1898 monoga-

32 1894 90 1968 nid
109 1893 303 1990 proeceffitz
334 1913 417 1968 nam
438 1892 502 1968 etsl
523 1891 647 1988 postea
668 1911 763 1991 parer
783 1897 958 1968 multorum
979 1910 1089 1972 natio·

32 2017 101 2085 tum
120 2007 376 2088 nuncupatur,
414 1989 472 2070 sed
497 2013 618 2076 earum
638 2013 715 2086 quae
739 2015 784 2070 ex
808 1991 881 2069 fide
901 1991 1087 2094 digamiam

32 2091 251 2188 precedente
272 2089 333 2167 filii
353 2093 534 2167 habebant
551 2092 713 2186 deputari
727 2091 892 2172 Abrnhae.
942 2093 1093 2175 Exinde
1162 2168 1169 2181 .

32 2193 269 2270 inviderint.
313 2190 423 2266 Aliud
435 2192 515 2265 sunt
528 2187 669 2289 figure,
688 2193 782 2268 aliud
794 2193 929 2272 formae.
963 2197 1113 2288 Aliud,

32 2291 212 2392 manne,
240 2291 333 2367 alind
350 2287 591 2367 dentitiones.
641 2289 812 2390 Imagines
832 2295 1015 2372 transeunt
1029 2300 1088 2374 ad·
1236 2309 1237 2346 ³

32 2392 198 2488 inplete,
226 2387 454 2466 definitiones
469 2407 680 2486 permanent
694 2391 942 2488 adimplendae:
968 2399 1089 2496 imagi·
1235 2411 1237 2486 ἑ

32 2508 87 2564 nes
99 2493 343 2588 prophetant,
370 2487 600 2566 definitiones
615 2493 826 2587 gubernant.
879 2497 978 2596 Quid
993 2498 1091 2594 dign·
1194 2512 1200 2523 ·

32 2591 94 2664 mie
111 2593 174 2666 illa
192 2591 347 2666 Abrnhae
369 2589 585 2688 portendat,
616 2592 710 2666 idem
728 2590 927 2686 Apostolus
953 2597 1087 2673 edocet

32 2688 285 2785 interpretator
302 2691 488 2783 utriusque
502 2689 730 2784 testamenti,
756 2691 845 2766 ficut
859 2694 954 2770 idem
969 2695 1088 2776 semen

32 2787 184 2866 nostmn
205 2793 242 2866 in
264 2789 360 2868 Isnec
377 2805 553 2864 vocatum
575 2791 797 2870 determinat.
848 2794 885 2866 Si
910 2819 954 2869 ex
975 2797 1088 2876 libera

32 2903 90 2984 es,
127 2891 172 2964 ad
195 2889 291 2966 Isaac
315 2893 525 2986 pertinens,
565 2902 664 2968 certe
687 2910 799 2966 unum
820 2897 1088 2976 matrimonium
1236 2925 1237 2932 ¹

32 2991 186 3080 petunt
238 2987 295 3065 Isti
316 2995 437 3083 itaque
454 2990 536 3064 sunt
552 2987 615 3086 (ut
632 2991 785 3090 opinor)
802 2993 839 3065 in
859 2997 984 3086 quibus
1004 3018 1088 3071 cen·
1236 3035 1237 3074 ι

33 3085 132 3168 seort
156 3088 468 3183 ceterosnescio,
495 3105 649 3182 quorum
663 3091 687 3164 sr
703 3095 867 3186 exempla
887 3093 1089 3188 circumspi-
1230 3109 1232 3115 ’

34 3186 113 3283 oio,
133 3191 287 3286 walicujus
301 3190 425 3265 David
442 3189 548 3264 etiam
566 3209 631 3282 per
649 3189 851 3288 sangninem
868 3197 1008 3288 nuptias
1025 3197 1089 3272 srbi

35 3285 252 3385 ingerentis,
282 3291 433 3386 'alicujus
454 3287 658 3363 Salomonis
677 3291 976 3376 etinmuxoribus
998 3297 1088 3372 divi·

34 3385 99 3478 τῖες
122 3395 273 3466 meliore
285 3387 404 3466 senari
417 3387 546 3483 juffus,
569 3391 678 3464 habes
694 3391 726 3463 n
741 3389 872 3488 Joseph
888 3384 1085 3494 unijugum,

35 3479 154 3563 &hot
170 3495 318 3568 nomine
338 3489 454 3564 audeo
470 3491 590 3564 dicere
607 3505 710 3584 patre
726 3493 923 3567 meliorem.
964 3491 1087 3572 Habet

36 3577 184 3680 Moysen
197 3591 270 3666 Dei
287 3591 332 3666 de
347 3589 516 3685 proximo
532 3592 714 3665 arbitrum.
764 3589 888 3664 Habes
901 3589 1087 3672 Aaronem
1146 3595 1172 3692 ‘,

35 3685 258 3784 principalem
280 3689 513 3766 sacerdotem.
563 3687 748 3762 Secundus
777 3709 920 3784 quoque
934 3691 1098 3788 Moyses·

38 3788 343 3892 nundinandi,
366 3792 431 3886 nui
449 3787 637 3890 imaginem
660 3785 816 3868 nostram
835 3791 873 3868 in
892 3791 1087 3890 promissio·
