2634 4336
17 165 19 246 l

194 223 264 302 ³72
350 201 399 304 Q.
424 195 732 286 &renitor
759 193 1092 276 Terruerunt
1154 167 1161 180 x

190 373 428 442 montanum
451 364 574 436 anime
596 376 722 455 erant,
757 381 885 436 verum
919 363 953 438 dc
983 359 1136 457 spiritus.
1189 357 1245 438 Sic
1298 377 1299 390 ¹

190 463 227 540 ἅ
249 463 294 536 ad
312 461 529 536 Hieremiam
549 461 637 558 legis
658 461 728 536 Dei
759 483 917 536 vocem:
953 465 1142 560 Priusquam
1163 478 1192 533 lc
1210 471 1256 536 r'rr.

188 581 282 638 utero
296 565 470 656 fingerent,
503 570 583 634 noui
604 581 647 642 re.
697 561 734 635 si
751 557 856 658 fingit
871 559 971 636 Deus
996 561 1033 636 in
1055 575 1183 656 utero,
1213 561 1245 636 dl

188 661 287 738 efflet
307 683 353 736 ex
374 661 561 756 primordii
585 661 723 756 forma,
749 661 783 734 dc
799 665 907 753 finxit
932 667 1019 734 Deus
1040 663 1191 732 hominem
1207 659 1258 740 0»
1298 679 1299 748 p

176 763 288 866 flavit
311 767 348 830 in
373 787 442 834 eum
462 761 583 860 flatum
605 768 707 834 vira:
750 781 821 834 nec
845 757 963 836 noffet
988 773 1109 837 autem
1138 761 1246 838 homi·

186 881 273 940 nem
294 861 395 938 Deus
418 863 456 938 in
479 875 613 956 utero,
646 861 710 937 nisi
732 873 863 936 totum.
919 863 966 934 Er
983 868 1167 960 priusquam
1182 867 1248 932 exi-

186 986 239 1038 ru
260 963 440 1048 devolve,
472 963 669 1053 landificavi
689 975 748 1053 te,
782 961 1017 1043 &mortuum
1039 961 1154 1034 adhuc
1171 981 1249 1034 cor·

185 1061 282 1162 pusi
307 1063 433 1155 utique
446 1081 678 1156 nequaquem.
728 1060 831 1134 Deur
846 1061 941 1136 enim
953 1050 1148 1157 vivorum,
1172 1083 1249 1139 nou

186 1177 428 1242 mornrorum.

267 1283 325 1352 27.
352 1261 555 1361 Quomodo
573 1261 683 1358 igitur
698 1261 826 1336 animal
843 1271 1081 1356 conceptum,
1102 1261 1250 1338 fimume

187 1359 351 1440 conflata
365 1361 553 1454 utriusque
571 1359 761 1436 substantia
780 1363 947 1458 corporis
965 1361 1179 1456 animeque,
1204 1383 1251 1438 cn

185 1463 302 1542 altera
315 1481 437 1537 earum
453 1459 705 1555 precedente?
730 1463 839 1536 immo
857 1461 961 1536 fimul-
975 1463 1093 1536 ambas
1111 1461 1147 1533 dt
1163 1482 1251 1538 con·

40 1615 42 1618 -
186 1565 281 1662 cipi,
314 1561 348 1634 &
371 1559 527 1654 confici,
558 1559 735 1655 &perfici
759 1553 927 1653 dicimus,
952 1562 1042 1634 sicut
1063 1561 1098 1634 dc
1116 1563 1248 1658 promi,

47 1677 51 1701 ¹
152 1681 159 1688 ·
185 1681 259 1740 nec
281 1661 393 1760 ullum
417 1661 638 1736 intervenire
660 1661 883 1739 momentum
908 1661 945 1734 in
970 1677 1153 1754 conceptu
1175 1683 1249 1752 quo

185 1763 293 1838 locut
308 1761 508 1836 ordinetur.
561 1761 739 1858 Recogita
751 1761 844 1835 enim
859 1761 903 1834 de
915 1759 1110 1850 noviffimis
1121 1763 1250 1854 primu:

85 1900 91 1925 ι
182 1863 324 1940 fimors
339 1881 418 1933 non
432 1860 526 1934 aliud
541 1861 819 1953 determinatur,
846 1881 949 1954 quun
965 1859 1154 1954 disjundiio
1171 1881 1253 1934 cor·

183 1961 288 2057 pori-r
303 1961 517 2054 animeque,
545 1962 763 2036 contrarium
777 1963 887 2034 morti
902 1963 980 2034 vita
993 1981 1069 2034 non
1082 1961 1177 2034 aliud
1191 1961 1252 2036 de-

183 2057 335 2135 fmietur
352 2079 457 2151 quem
472 2057 680 2150 conjuneno
697 2061 861 2152 corporis
877 2061 1081 2154 animeque.
1132 2059 1168 2134 Si
1182 2060 1253 2134 dir·

103 2227 111 2254 ,
182 2155 325 2254 junffio
347 2157 446 2234 limul
465 2161 609 2251 utrique
630 2157 827 2232 substantie
847 2160 978 2234 accidit
999 2179 1065 2253 per
1079 2173 1254 2255 mortem,

183 2257 261 2338 hoc
287 2257 397 2332 debet
417 2257 681 2353 conjundlionir
700 2259 818 2332 forma
838 2257 1013 2334 mandolio
1030 2261 1165 2354 pariter
1186 2264 1256 2334 ob-

182 2357 367 2434 venientis
391 2378 458 2454 per
482 2360 593 2433 vitem
617 2362 759 2452 utrique
785 2355 990 2434 substantie.
1052 2358 1170 2434 Porro
1201 2361 1257 2435 vi·

183 2467 262 2534 tem
275 2479 300 2531 e
313 2473 496 2554 conceptu
509 2459 752 2556 agnoscimur,
771 2460 853 2550 quia
865 2459 1014 2534 enimam
1031 2473 1258 2554 aconceptu

55 2557 68 2578 ⁸
182 2557 422 2634 muniemus„
474 2555 616 2634 Exinde
639 2562 734 2634 enirn
759 2560 835 2630 vita
860 2577 934 2650 quo
960 2559 1090 2632 enimet
1115 2560 1259 2652 pariter

182 2675 275 2754 ergo
296 2657 334 2730 in
351 2657 464 2733 vitum
481 2661 780 2755 compinguntur,
801 2677 878 2750 que
894 2659 1027 2752 pariter
1043 2659 1079 2732 in
1093 2673 1258 2733 mortem

183 2753 403 2850 separentur
452 2754 560 2831 Tunc
580 2759 606 2834 fi
628 2759 731 2833 alteri
754 2758 943 2851 primatum
967 2758 1113 2852 damur,
1148 2759 1261 2834 alteri

184 2853 579 2952 secundetum,seminis
598 2879 744 2951 quoque
752 2857 982 2933 discernenda
993 2857 1074 2930 sunt
1082 2870 1260 2952 tempore

181 2975 256 3052 pro
281 2954 374 3030 stetu
397 2957 554 3030 ordinis:
593 2957 794 3050 &quando
821 2955 1064 3032 collocabitur
1080 2961 1260 3052 corporis

181 3053 328 3148 semen,
360 3057 505 3148 quando
533 3057 683 3132 anime?
713 3059 824 3132 immo
847 3055 872 3132 fi
892 3069 1059 3152 ternpore
1078 3055 1264 3143 seminum

183 3154 421 3248 dividentur,
453 3155 489 3228 dc
510 3157 666 3230 materie
684 3155 830 3232 diversor
853 3155 1107 3250 habebuntur,
1135 3177 1185 3230 ex
1205 3155 1262 3230 'di-

181 3253 313 3330 stantia
330 3267 545 3348 temponrm.
596 3253 692 3330 Nam
715 3255 777 3330 etii
795 3255 881 3328 duas
900 3253 1034 3349 species
1058 3251 1262 3332 confitebi-

63 3381 66 3390 ·
182 3367 265 3429 mur
282 3351 450 3447 seminis,
486 3355 768 3449 corporalem&
791 3357 1001 3448 animalem,
1042 3351 1263 3432 indiscretae

182 3461 306 3528 tumen
319 3453 561 3548 vindicunus,
588 3453 710 3530 &hoc
724 3455 837 3529 modo
849 3457 1142 3549 contemporales
1157 3457 1264 3549 ejur-

183 3549 339 3644 demque
362 3556 547 3630 momenti.
598 3551 659 3628 Ne
683 3556 805 3647 itaque
823 3555 957 3648 pudeat
975 3551 1182 3630 neceffariae
1204 3555 1264 3630 in·

182 3652 467 3745 terpretetionir.
524 3653 665 3728 Nature
686 3657 891 3733 venerande
912 3653 987 3747 est,
1023 3675 1101 3730 non
1121 3655 1264 3730 erube·
1296 3667 1299 3676 “

182 3745 323 3826 scendd
374 3749 618 3830 Concubitum
639 3755 777 3850 libido,
802 3773 878 3828 non
898 3755 1064 3832 conditio
1083 3751 1264 3830 foravit.

182 3841 376 3949 heere,
399 3851 600 3946 reustum
615 3853 891 3956 ellimpudlcur.
941 3853 1280 4032 siqudeffieltrmene:
