<?xml version="1.0" encoding="UTF-8"?>
<!DOCTYPE html PUBLIC "-//W3C//DTD XHTML 1.0 Transitional//EN"
    "http://www.w3.org/TR/xhtml1/DTD/xhtml1-transitional.dtd">
<html xmlns="http://www.w3.org/1999/xhtml" xml:lang="en" lang="en">
 <head>
  <title>
</title>
<meta http-equiv="Content-Type" content="text/html;charset=utf-8" />
  <meta name='ocr-system' content='tesseract 3.04.00' />
  <meta name='ocr-capabilities' content='ocr_page ocr_carea ocr_par ocr_line ocrx_word'/>
</head>
<body>
  <div class='ocr_page' id='page_1' title='image "./operaomnia00tertgoog/operaomnia00tertgoog_0409.png"; bbox 0 0 2536 4336; ppageno 0'>
   <div class='ocr_carea' id='block_1_1' title="bbox 284 172 1159 284">
    <p class='ocr_par' dir='ltr' id='par_1_1' title="bbox 284 172 1159 284">
     <span class='ocr_line' id='line_1_1' title="bbox 284 172 1159 284; baseline 0.001 -27"><span class='ocrx_word' id='word_1_1' title='bbox 284 195 296 225; x_wconf 60' lang='lat'>⁴</span> <span class='ocrx_word' id='word_1_2' title='bbox 373 172 875 260; x_wconf 60' lang='lat' dir='ltr'>“naduruu</span> <span class='ocrx_word' id='word_1_3' title='bbox 1130 198 1159 284; x_wconf 56' lang='lat' dir='ltr'>g</span> 
     </span>
    </p>
   </div>
   <div class='ocr_carea' id='block_1_2' title="bbox 105 337 1162 4018">
    <p class='ocr_par' dir='ltr' id='par_1_2' title="bbox 105 337 1162 3923">
     <span class='ocr_line' id='line_1_2' title="bbox 143 337 1144 439; baseline -0.002 -21"><span class='ocrx_word' id='word_1_4' title='bbox 143 337 277 436; x_wconf 62' lang='lat' dir='ltr'>etum,</span> <span class='ocrx_word' id='word_1_5' title='bbox 309 337 371 416; x_wconf 82' lang='lat' dir='ltr'>sed</span> <span class='ocrx_word' id='word_1_6' title='bbox 388 339 557 437; x_wconf 83' lang='lat' dir='ltr'>paulatim</span> <span class='ocrx_word' id='word_1_7' title='bbox 578 361 643 437; x_wconf 88' lang='lat' dir='ltr'>per</span> <span class='ocrx_word' id='word_1_8' title='bbox 662 345 774 418; x_wconf 81' lang='lat' dir='ltr'>atatis</span> <span class='ocrx_word' id='word_1_9' title='bbox 793 342 903 438; x_wconf 87' lang='lat' dir='ltr'>spatia</span> <span class='ocrx_word' id='word_1_10' title='bbox 919 338 1144 439; x_wconf 84' lang='lat' dir='ltr'>procedere,</span> 
     </span>
     <span class='ocr_line' id='line_1_3' title="bbox 144 442 1159 538; baseline -0.002 -22"><span class='ocrx_word' id='word_1_11' title='bbox 144 442 250 517; x_wconf 84' lang='lat' dir='ltr'>varie</span> <span class='ocrx_word' id='word_1_12' title='bbox 271 463 338 536; x_wconf 89' lang='lat' dir='ltr'>per</span> <span class='ocrx_word' id='word_1_13' title='bbox 362 443 559 518; x_wconf 84' lang='lat' dir='ltr'>accidentia</span> <span class='ocrx_word' id='word_1_14' title='bbox 580 445 757 536; x_wconf 87' lang='lat' dir='ltr'>evadere,</span> <span class='ocrx_word' id='word_1_15' title='bbox 790 463 859 538; x_wconf 93' lang='lat' dir='ltr'>pro</span> <span class='ocrx_word' id='word_1_16' title='bbox 880 444 1035 534; x_wconf 88' lang='lat' dir='ltr'>artibus,</span> <span class='ocrx_word' id='word_1_17' title='bbox 1060 442 1159 535; x_wconf 92' lang='lat' dir='ltr'>proi</span> 
     </span>
     <span class='ocr_line' id='line_1_4' title="bbox 142 541 1159 636; baseline -0.005 -18"><span class='ocrx_word' id='word_1_18' title='bbox 142 541 277 618; x_wconf 80' lang='lat' dir='ltr'>stitutis</span> <span class='ocrx_word' id='word_1_19' title='bbox 289 569 308 634; x_wconf 43' lang='lat'>,¹</span> <span class='ocrx_word' id='word_1_20' title='bbox 329 561 399 636; x_wconf 91' lang='lat' dir='ltr'>pro</span> <span class='ocrx_word' id='word_1_21' title='bbox 414 544 526 635; x_wconf 86' lang='lat' dir='ltr'>locis,</span> <span class='ocrx_word' id='word_1_22' title='bbox 552 563 621 636; x_wconf 91' lang='lat' dir='ltr'>pro</span> <span class='ocrx_word' id='word_1_23' title='bbox 635 542 926 616; x_wconf 85' lang='lat' dir='ltr'>dominatricibus</span> <span class='ocrx_word' id='word_1_24' title='bbox 943 541 1159 636; x_wconf 87' lang='lat' dir='ltr'>potestatibu</span> 
     </span>
     <span class='ocr_line' id='line_1_5' title="bbox 142 639 1160 735; baseline 0 -21"><span class='ocrx_word' id='word_1_25' title='bbox 142 641 247 734; x_wconf 83' lang='lat' dir='ltr'>quod</span> <span class='ocrx_word' id='word_1_26' title='bbox 269 652 389 716; x_wconf 86' lang='lat' dir='ltr'>tamen</span> <span class='ocrx_word' id='word_1_27' title='bbox 413 639 523 718; x_wconf 89' lang='lat' dir='ltr'>saciat</span> <span class='ocrx_word' id='word_1_28' title='bbox 548 642 592 716; x_wconf 92' lang='lat' dir='ltr'>ad</span> <span class='ocrx_word' id='word_1_29' title='bbox 620 644 733 715; x_wconf 89' lang='lat' dir='ltr'>carnis</span> <span class='ocrx_word' id='word_1_30' title='bbox 764 643 956 734; x_wconf 76' lang='lat' dir='ltr'>animaque</span> <span class='ocrx_word' id='word_1_31' title='bbox 982 641 1160 735; x_wconf 75' lang='lat' dir='ltr'>proposita</span> 
     </span>
     <span class='ocr_line' id='line_1_6' title="bbox 141 737 1160 837; baseline -0.004 -19"><span class='ocrx_word' id='word_1_32' title='bbox 141 759 246 818; x_wconf 81' lang='lat' dir='ltr'>nunc</span> <span class='ocrx_word' id='word_1_33' title='bbox 262 737 492 835; x_wconf 83' lang='lat' dir='ltr'>sotietatem,</span> <span class='ocrx_word' id='word_1_34' title='bbox 519 743 743 837; x_wconf 83' lang='lat' dir='ltr'>pubertatem</span> <span class='ocrx_word' id='word_1_35' title='bbox 759 763 903 836; x_wconf 89' lang='lat' dir='ltr'>quoque</span> <span class='ocrx_word' id='word_1_36' title='bbox 920 741 1103 816; x_wconf 76' lang='lat' dir='ltr'>animalem</span> <span class='ocrx_word' id='word_1_37' title='bbox 1119 762 1160 814; x_wconf 89' lang='lat' dir='ltr'>cu</span> 
     </span>
     <span class='ocr_line' id='line_1_7' title="bbox 142 839 1160 934; baseline -0.002 -20"><span class='ocrx_word' id='word_1_38' title='bbox 142 839 281 914; x_wconf 84' lang='lat' dir='ltr'>carnali</span> <span class='ocrx_word' id='word_1_39' title='bbox 304 839 452 914; x_wconf 83' lang='lat' dir='ltr'>dicimus</span> <span class='ocrx_word' id='word_1_40' title='bbox 476 841 704 931; x_wconf 82' lang='lat' dir='ltr'>convenire,</span> <span class='ocrx_word' id='word_1_41' title='bbox 738 843 941 934; x_wconf 80' lang='lat' dir='ltr'>pariterque</span> <span class='ocrx_word' id='word_1_42' title='bbox 961 841 1105 914; x_wconf 83' lang='lat' dir='ltr'>&amp;illam</span> <span class='ocrx_word' id='word_1_43' title='bbox 1127 839 1160 912; x_wconf 95' lang='lat' dir='ltr'>su</span> 
     </span>
     <span class='ocr_line' id='line_1_8' title="bbox 141 935 1160 1040; baseline -0.002 -27"><span class='ocrx_word' id='word_1_44' title='bbox 141 939 246 1040; x_wconf 82' lang='lat' dir='ltr'>gestu</span> <span class='ocrx_word' id='word_1_45' title='bbox 264 935 442 1033; x_wconf 65' lang='lat' dir='ltr'>sensuum,</span> <span class='ocrx_word' id='word_1_46' title='bbox 469 939 619 1014; x_wconf 86' lang='lat' dir='ltr'>&amp;istam</span> <span class='ocrx_word' id='word_1_47' title='bbox 638 939 801 1034; x_wconf 82' lang='lat' dir='ltr'>procella</span> <span class='ocrx_word' id='word_1_48' title='bbox 821 942 1064 1015; x_wconf 88' lang='lat' dir='ltr'>membrorum</span> <span class='ocrx_word' id='word_1_49' title='bbox 1085 937 1160 1012; x_wconf 84' lang='lat' dir='ltr'>exst</span> 
     </span>
     <span class='ocr_line' id='line_1_9' title="bbox 140 1036 1160 1136; baseline -0.004 -23"><span class='ocrx_word' id='word_1_50' title='bbox 140 1059 234 1136; x_wconf 85' lang='lat' dir='ltr'>gere</span> <span class='ocrx_word' id='word_1_51' title='bbox 249 1063 269 1114; x_wconf 90' lang='lat' dir='ltr'>a</span> <span class='ocrx_word' id='word_1_52' title='bbox 286 1041 559 1131; x_wconf 87' lang='lat' dir='ltr'>quartodecimo</span> <span class='ocrx_word' id='word_1_53' title='bbox 583 1040 661 1114; x_wconf 85' lang='lat' dir='ltr'>fere</span> <span class='ocrx_word' id='word_1_54' title='bbox 683 1061 798 1116; x_wconf 88' lang='lat' dir='ltr'>anno:</span> <span class='ocrx_word' id='word_1_55' title='bbox 823 1061 902 1114; x_wconf 92' lang='lat' dir='ltr'>non</span> <span class='ocrx_word' id='word_1_56' title='bbox 925 1039 1007 1134; x_wconf 89' lang='lat' dir='ltr'>quia</span> <span class='ocrx_word' id='word_1_57' title='bbox 1024 1036 1160 1133; x_wconf 86' lang='lat' dir='ltr'>Asclepi</span> 
     </span>
     <span class='ocr_line' id='line_1_10' title="bbox 139 1135 1160 1234; baseline -0.005 -19"><span class='ocrx_word' id='word_1_58' title='bbox 139 1141 208 1215; x_wconf 84' lang='lat' dir='ltr'>des</span> <span class='ocrx_word' id='word_1_59' title='bbox 228 1137 314 1212; x_wconf 75' lang='lat' dir='ltr'>iride</span> <span class='ocrx_word' id='word_1_60' title='bbox 335 1135 539 1233; x_wconf 80' lang='lat' dir='ltr'>sapientiam</span> <span class='ocrx_word' id='word_1_61' title='bbox 565 1138 752 1234; x_wconf 85' lang='lat' dir='ltr'>supputat,</span> <span class='ocrx_word' id='word_1_62' title='bbox 784 1161 855 1214; x_wconf 90' lang='lat' dir='ltr'>nec</span> <span class='ocrx_word' id='word_1_63' title='bbox 881 1140 962 1230; x_wconf 87' lang='lat' dir='ltr'>quia</span> <span class='ocrx_word' id='word_1_64' title='bbox 980 1141 1061 1232; x_wconf 86' lang='lat' dir='ltr'>jura</span> <span class='ocrx_word' id='word_1_65' title='bbox 1079 1138 1160 1210; x_wconf 87' lang='lat' dir='ltr'>civil</span> 
     </span>
     <span class='ocr_line' id='line_1_11' title="bbox 105 1236 1160 1346; baseline -0.006 -31"><span class='ocrx_word' id='word_1_66' title='bbox 105 1263 107 1346; x_wconf 25' lang='grc' dir='ltr'><strong>ὲ</strong></span> <span class='ocrx_word' id='word_1_67' title='bbox 137 1239 277 1314; x_wconf 83' lang='lat' dir='ltr'>abhinc</span> <span class='ocrx_word' id='word_1_68' title='bbox 297 1238 440 1336; x_wconf 83' lang='lat' dir='ltr'>agendis</span> <span class='ocrx_word' id='word_1_69' title='bbox 463 1239 570 1312; x_wconf 88' lang='lat' dir='ltr'>rebus</span> <span class='ocrx_word' id='word_1_70' title='bbox 588 1239 855 1334; x_wconf 82' lang='lat' dir='ltr'>adtemperant,</span> <span class='ocrx_word' id='word_1_71' title='bbox 881 1237 940 1312; x_wconf 92' lang='lat' dir='ltr'>sed</span> <span class='ocrx_word' id='word_1_72' title='bbox 960 1236 1107 1331; x_wconf 83' lang='lat' dir='ltr'>quod&amp;</span> <span class='ocrx_word' id='word_1_73' title='bbox 1124 1238 1160 1310; x_wconf 89' lang='lat' dir='ltr'>ba</span> 
     </span>
     <span class='ocr_line' id='line_1_12' title="bbox 105 1334 1160 1431; baseline -0.008 -17"><span class='ocrx_word' id='word_1_74' title='bbox 105 1349 106 1352; x_wconf 67' lang='lat'>‘</span> <span class='ocrx_word' id='word_1_75' title='bbox 138 1339 190 1414; x_wconf 85' lang='lat' dir='ltr'>de</span> <span class='ocrx_word' id='word_1_76' title='bbox 210 1336 410 1431; x_wconf 89' lang='lat' dir='ltr'>primordio</span> <span class='ocrx_word' id='word_1_77' title='bbox 435 1341 528 1412; x_wconf 89' lang='lat' dir='ltr'>ratio</span> <span class='ocrx_word' id='word_1_78' title='bbox 556 1337 617 1416; x_wconf 85' lang='lat' dir='ltr'>est.</span> <span class='ocrx_word' id='word_1_79' title='bbox 675 1337 714 1413; x_wconf 86' lang='lat' dir='ltr'>Si</span> <span class='ocrx_word' id='word_1_80' title='bbox 738 1339 833 1414; x_wconf 91' lang='lat' dir='ltr'>enim</span> <span class='ocrx_word' id='word_1_81' title='bbox 853 1337 968 1412; x_wconf 80' lang='lat' dir='ltr'>Adam</span> <span class='ocrx_word' id='word_1_82' title='bbox 993 1335 1027 1408; x_wconf 80' lang='lat' dir='ltr'>dt</span> <span class='ocrx_word' id='word_1_83' title='bbox 1049 1334 1131 1412; x_wconf 88' lang='lat' dir='ltr'>Eva</span> <span class='ocrx_word' id='word_1_84' title='bbox 1154 1361 1160 1406; x_wconf 78' lang='lat' dir='ltr'>t</span> 
     </span>
     <span class='ocr_line' id='line_1_13' title="bbox 141 1434 1161 1536; baseline -0.003 -26"><span class='ocrx_word' id='word_1_85' title='bbox 141 1439 328 1536; x_wconf 83' lang='lat' dir='ltr'>agnitione</span> <span class='ocrx_word' id='word_1_86' title='bbox 348 1438 437 1512; x_wconf 91' lang='lat' dir='ltr'>boni</span> <span class='ocrx_word' id='word_1_87' title='bbox 458 1437 590 1512; x_wconf 87' lang='lat' dir='ltr'>&amp;mali</span> <span class='ocrx_word' id='word_1_88' title='bbox 609 1437 773 1532; x_wconf 88' lang='lat' dir='ltr'>pudenda</span> <span class='ocrx_word' id='word_1_89' title='bbox 789 1451 913 1534; x_wconf 81' lang='lat' dir='ltr'>tegere</span> <span class='ocrx_word' id='word_1_90' title='bbox 926 1434 1128 1529; x_wconf 88' lang='lat' dir='ltr'>senserunt,</span> <span class='ocrx_word' id='word_1_91' title='bbox 1155 1459 1161 1507; x_wconf 85' lang='lat' dir='ltr'>t</span> 
     </span>
     <span class='ocr_line' id='line_1_14' title="bbox 140 1533 1160 1634; baseline -0.006 -22"><span class='ocrx_word' id='word_1_92' title='bbox 140 1557 218 1634; x_wconf 84' lang='lat' dir='ltr'>quo</span> <span class='ocrx_word' id='word_1_93' title='bbox 232 1535 381 1634; x_wconf 86' lang='lat' dir='ltr'>idipsum</span> <span class='ocrx_word' id='word_1_94' title='bbox 394 1535 582 1630; x_wconf 86' lang='lat' dir='ltr'>sentimus,</span> <span class='ocrx_word' id='word_1_95' title='bbox 601 1539 819 1634; x_wconf 83' lang='lat' dir='ltr'>agnitionem</span> <span class='ocrx_word' id='word_1_96' title='bbox 836 1536 924 1610; x_wconf 90' lang='lat' dir='ltr'>boni</span> <span class='ocrx_word' id='word_1_97' title='bbox 941 1533 976 1611; x_wconf 88' lang='lat' dir='ltr'>dt</span> <span class='ocrx_word' id='word_1_98' title='bbox 991 1535 1074 1610; x_wconf 91' lang='lat' dir='ltr'>mali</span> <span class='ocrx_word' id='word_1_99' title='bbox 1093 1554 1160 1628; x_wconf 92' lang='lat' dir='ltr'>pro</span> 
     </span>
     <span class='ocr_line' id='line_1_15' title="bbox 139 1633 1161 1714; baseline -0.011 0"><span class='ocrx_word' id='word_1_100' title='bbox 139 1649 270 1714; x_wconf 83' lang='lat' dir='ltr'>tamur.</span> <span class='ocrx_word' id='word_1_101' title='bbox 330 1633 389 1708; x_wconf 86' lang='lat' dir='ltr'>Ab</span> <span class='ocrx_word' id='word_1_102' title='bbox 408 1637 463 1710; x_wconf 90' lang='lat' dir='ltr'>his</span> <span class='ocrx_word' id='word_1_103' title='bbox 485 1651 603 1710; x_wconf 87' lang='lat' dir='ltr'>autem</span> <span class='ocrx_word' id='word_1_104' title='bbox 624 1639 725 1712; x_wconf 89' lang='lat' dir='ltr'>annis</span> <span class='ocrx_word' id='word_1_105' title='bbox 750 1634 962 1710; x_wconf 75' lang='lat' dir='ltr'>&amp;suffusior</span> <span class='ocrx_word' id='word_1_106' title='bbox 978 1635 1015 1708; x_wconf 82' lang='lat' dir='ltr'>dt</span> <span class='ocrx_word' id='word_1_107' title='bbox 1038 1633 1161 1708; x_wconf 83' lang='lat' dir='ltr'>vestiti</span> 
     </span>
     <span class='ocr_line' id='line_1_16' title="bbox 138 1733 1138 1830; baseline -0.008 -16"><span class='ocrx_word' id='word_1_108' title='bbox 138 1735 246 1814; x_wconf 79' lang='lat' dir='ltr'>serua</span> <span class='ocrx_word' id='word_1_109' title='bbox 261 1733 339 1828; x_wconf 81' lang='lat' dir='ltr'>est,</span> <span class='ocrx_word' id='word_1_110' title='bbox 365 1734 702 1830; x_wconf 86' lang='lat' dir='ltr'>&amp;concupiscentia</span> <span class='ocrx_word' id='word_1_111' title='bbox 718 1738 833 1809; x_wconf 89' lang='lat' dir='ltr'>oculis</span> <span class='ocrx_word' id='word_1_112' title='bbox 851 1735 990 1808; x_wconf 88' lang='lat' dir='ltr'>arbitris</span> <span class='ocrx_word' id='word_1_113' title='bbox 1005 1735 1138 1823; x_wconf 87' lang='lat' dir='ltr'>utitur,</span> 
     </span>
     <span class='ocr_line' id='line_1_17' title="bbox 139 1829 1161 1930; baseline -0.007 -18"><span class='ocrx_word' id='word_1_114' title='bbox 139 1835 385 1912; x_wconf 80' lang='lat' dir='ltr'>communicat</span> <span class='ocrx_word' id='word_1_115' title='bbox 398 1838 586 1929; x_wconf 85' lang='lat' dir='ltr'>placitum,</span> <span class='ocrx_word' id='word_1_116' title='bbox 613 1836 650 1908; x_wconf 75' lang='lat' dir='ltr'>dt</span> <span class='ocrx_word' id='word_1_117' title='bbox 665 1837 831 1930; x_wconf 86' lang='lat' dir='ltr'>intelligit</span> <span class='ocrx_word' id='word_1_118' title='bbox 846 1856 923 1927; x_wconf 81' lang='lat' dir='ltr'>quae</span> <span class='ocrx_word' id='word_1_119' title='bbox 942 1835 1028 1926; x_wconf 75' lang='lat' dir='ltr'>sint,</span> <span class='ocrx_word' id='word_1_120' title='bbox 1056 1829 1161 1906; x_wconf 86' lang='lat' dir='ltr'>&amp;fin</span> 
     </span>
     <span class='ocr_line' id='line_1_18' title="bbox 137 1933 1161 2034; baseline -0.007 -23"><span class='ocrx_word' id='word_1_121' title='bbox 137 1935 222 2012; x_wconf 89' lang='lat' dir='ltr'>suos</span> <span class='ocrx_word' id='word_1_122' title='bbox 242 1934 394 2008; x_wconf 86' lang='lat' dir='ltr'>adinstar</span> <span class='ocrx_word' id='word_1_123' title='bbox 410 1933 572 2010; x_wconf 78' lang='lat' dir='ltr'>ficulnea</span> <span class='ocrx_word' id='word_1_124' title='bbox 587 1937 813 2032; x_wconf 86' lang='lat' dir='ltr'>contagionis</span> <span class='ocrx_word' id='word_1_125' title='bbox 826 1934 1007 2034; x_wconf 86' lang='lat' dir='ltr'>prurigine</span> <span class='ocrx_word' id='word_1_126' title='bbox 1026 1933 1161 2028; x_wconf 87' lang='lat' dir='ltr'>accingi</span> 
     </span>
     <span class='ocr_line' id='line_1_19' title="bbox 136 2032 1161 2133; baseline -0.008 -23"><span class='ocrx_word' id='word_1_127' title='bbox 136 2035 174 2110; x_wconf 85' lang='lat' dir='ltr'>dt</span> <span class='ocrx_word' id='word_1_128' title='bbox 189 2035 377 2112; x_wconf 88' lang='lat' dir='ltr'>hominem</span> <span class='ocrx_word' id='word_1_129' title='bbox 400 2033 444 2109; x_wconf 86' lang='lat' dir='ltr'>de</span> <span class='ocrx_word' id='word_1_130' title='bbox 463 2034 622 2128; x_wconf 86' lang='lat' dir='ltr'>paradiso</span> <span class='ocrx_word' id='word_1_131' title='bbox 647 2033 859 2133; x_wconf 86' lang='lat' dir='ltr'>integritatis</span> <span class='ocrx_word' id='word_1_132' title='bbox 886 2032 1034 2124; x_wconf 87' lang='lat' dir='ltr'>educit,</span> <span class='ocrx_word' id='word_1_133' title='bbox 1070 2034 1161 2106; x_wconf 85' lang='lat' dir='ltr'>exim</span> 
     </span>
     <span class='ocr_line' id='line_1_20' title="bbox 136 2131 1162 2230; baseline -0.006 -20"><span class='ocrx_word' id='word_1_134' title='bbox 136 2131 287 2210; x_wconf 84' lang='lat' dir='ltr'>scabida·</span> <span class='ocrx_word' id='word_1_135' title='bbox 295 2135 400 2208; x_wconf 89' lang='lat' dir='ltr'>etiam</span> <span class='ocrx_word' id='word_1_136' title='bbox 413 2135 451 2208; x_wconf 93' lang='lat' dir='ltr'>in</span> <span class='ocrx_word' id='word_1_137' title='bbox 467 2149 603 2212; x_wconf 85' lang='lat' dir='ltr'>ceteras</span> <span class='ocrx_word' id='word_1_138' title='bbox 622 2137 743 2230; x_wconf 90' lang='lat' dir='ltr'>culpas</span> <span class='ocrx_word' id='word_1_139' title='bbox 761 2133 1033 2226; x_wconf 84' lang='lat' dir='ltr'>&amp;delinquendi</span> <span class='ocrx_word' id='word_1_140' title='bbox 1049 2151 1162 2204; x_wconf 92' lang='lat' dir='ltr'>nonn</span> 
     </span>
     <span class='ocr_line' id='line_1_21' title="bbox 137 2229 1162 2326; baseline -0.006 -18"><span class='ocrx_word' id='word_1_141' title='bbox 137 2236 300 2324; x_wconf 80' lang='lat' dir='ltr'>mrales,</span> <span class='ocrx_word' id='word_1_142' title='bbox 334 2253 414 2306; x_wconf 93' lang='lat' dir='ltr'>cum</span> <span class='ocrx_word' id='word_1_143' title='bbox 433 2233 504 2326; x_wconf 76' lang='lat' dir='ltr'>jam</span> <span class='ocrx_word' id='word_1_144' title='bbox 525 2255 601 2307; x_wconf 92' lang='lat' dir='ltr'>non</span> <span class='ocrx_word' id='word_1_145' title='bbox 625 2257 670 2308; x_wconf 85' lang='lat' dir='ltr'>ex</span> <span class='ocrx_word' id='word_1_146' title='bbox 694 2231 859 2307; x_wconf 89' lang='lat' dir='ltr'>instituto</span> <span class='ocrx_word' id='word_1_147' title='bbox 884 2245 1039 2324; x_wconf 86' lang='lat' dir='ltr'>naturae,</span> <span class='ocrx_word' id='word_1_148' title='bbox 1074 2229 1162 2304; x_wconf 76' lang='lat' dir='ltr'>sede</span> 
     </span>
     <span class='ocr_line' id='line_1_22' title="bbox 136 2330 1162 2428; baseline -0.012 -19"><span class='ocrx_word' id='word_1_149' title='bbox 136 2335 247 2410; x_wconf 84' lang='lat' dir='ltr'>vitio.</span> <span class='ocrx_word' id='word_1_150' title='bbox 275 2331 442 2407; x_wconf 86' lang='lat' dir='ltr'>Ceterum</span> <span class='ocrx_word' id='word_1_151' title='bbox 452 2335 599 2428; x_wconf 89' lang='lat' dir='ltr'>proprie</span> <span class='ocrx_word' id='word_1_152' title='bbox 612 2335 778 2407; x_wconf 90' lang='lat' dir='ltr'>naturalis</span> <span class='ocrx_word' id='word_1_153' title='bbox 795 2330 1082 2425; x_wconf 89' lang='lat' dir='ltr'>concupiscentia</span> <span class='ocrx_word' id='word_1_154' title='bbox 1094 2331 1162 2404; x_wconf 72' lang='lat' dir='ltr'>unit</span> 
     </span>
     <span class='ocr_line' id='line_1_23' title="bbox 137 2430 1162 2526; baseline -0.009 -18"><span class='ocrx_word' id='word_1_155' title='bbox 137 2433 190 2510; x_wconf 77' lang='lat' dir='ltr'>alt</span> <span class='ocrx_word' id='word_1_156' title='bbox 209 2435 463 2507; x_wconf 88' lang='lat' dir='ltr'>alimentorum</span> <span class='ocrx_word' id='word_1_157' title='bbox 486 2433 733 2524; x_wconf 86' lang='lat' dir='ltr'>solummodo,</span> <span class='ocrx_word' id='word_1_158' title='bbox 768 2453 872 2526; x_wconf 90' lang='lat' dir='ltr'>quam</span> <span class='ocrx_word' id='word_1_159' title='bbox 890 2431 991 2503; x_wconf 89' lang='lat' dir='ltr'>Deus</span> <span class='ocrx_word' id='word_1_160' title='bbox 1013 2430 1047 2501; x_wconf 82' lang='lat' dir='ltr'>dt</span> <span class='ocrx_word' id='word_1_161' title='bbox 1069 2432 1106 2501; x_wconf 92' lang='lat' dir='ltr'>in</span> <span class='ocrx_word' id='word_1_162' title='bbox 1129 2451 1162 2523; x_wconf 84' lang='lat' dir='ltr'>pr</span> 
     </span>
     <span class='ocr_line' id='line_1_24' title="bbox 134 2527 1162 2628; baseline -0.009 -20"><span class='ocrx_word' id='word_1_163' title='bbox 134 2533 284 2608; x_wconf 88' lang='lat' dir='ltr'>mordio</span> <span class='ocrx_word' id='word_1_164' title='bbox 310 2533 476 2606; x_wconf 89' lang='lat' dir='ltr'>contulit.</span> <span class='ocrx_word' id='word_1_165' title='bbox 530 2536 584 2604; x_wconf 82' lang='lat' dir='ltr'>Ex</span> <span class='ocrx_word' id='word_1_166' title='bbox 600 2543 686 2604; x_wconf 80' lang='lat' dir='ltr'>amm</span> <span class='ocrx_word' id='word_1_167' title='bbox 703 2536 787 2625; x_wconf 79' lang='lat' dir='ltr'>ligno</span> <span class='ocrx_word' id='word_1_168' title='bbox 810 2528 964 2628; x_wconf 81' lang='lat' dir='ltr'>(inquit)</span> <span class='ocrx_word' id='word_1_169' title='bbox 990 2534 1097 2600; x_wconf 79' lang='lat' dir='ltr'>edatis.</span> <span class='ocrx_word' id='word_1_170' title='bbox 1148 2527 1162 2599; x_wconf 94' lang='lat' dir='ltr'>l</span> 
     </span>
     <span class='ocr_line' id='line_1_25' title="bbox 133 2625 1162 2730; baseline -0.006 -22"><span class='ocrx_word' id='word_1_171' title='bbox 133 2629 302 2708; x_wconf 85' lang='lat' dir='ltr'>secundae</span> <span class='ocrx_word' id='word_1_172' title='bbox 314 2631 396 2726; x_wconf 87' lang='lat' dir='ltr'>post</span> <span class='ocrx_word' id='word_1_173' title='bbox 409 2633 582 2706; x_wconf 84' lang='lat' dir='ltr'>diluvium</span> <span class='ocrx_word' id='word_1_174' title='bbox 594 2635 765 2730; x_wconf 77' lang='lat' dir='ltr'>genitura</span> <span class='ocrx_word' id='word_1_175' title='bbox 779 2625 1021 2726; x_wconf 88' lang='lat' dir='ltr'>supermensus</span> <span class='ocrx_word' id='word_1_176' title='bbox 1034 2626 1105 2720; x_wconf 87' lang='lat' dir='ltr'>est,</span> <span class='ocrx_word' id='word_1_177' title='bbox 1122 2627 1162 2702; x_wconf 77' lang='lat' dir='ltr'>Et</span> 
     </span>
     <span class='ocr_line' id='line_1_26' title="bbox 133 2727 1161 2829; baseline -0.004 -23"><span class='ocrx_word' id='word_1_178' title='bbox 133 2736 207 2806; x_wconf 72' lang='lat' dir='ltr'>deda·</span> <span class='ocrx_word' id='word_1_179' title='bbox 216 2737 307 2803; x_wconf 80' lang='lat' dir='ltr'>vobit</span> <span class='ocrx_word' id='word_1_180' title='bbox 318 2739 423 2802; x_wconf 83' lang='lat' dir='ltr'>omnia</span> <span class='ocrx_word' id='word_1_181' title='bbox 437 2737 473 2802; x_wconf 84' lang='lat' dir='ltr'>io</span> <span class='ocrx_word' id='word_1_182' title='bbox 485 2735 580 2818; x_wconf 74' lang='lat' dir='ltr'>escum</span> <span class='ocrx_word' id='word_1_183' title='bbox 595 2756 749 2829; x_wconf 83' lang='lat' dir='ltr'>tanquam</span> <span class='ocrx_word' id='word_1_184' title='bbox 761 2733 844 2802; x_wconf 81' lang='lat' dir='ltr'>olera</span> <span class='ocrx_word' id='word_1_185' title='bbox 852 2732 955 2822; x_wconf 69' lang='lat' dir='ltr'>sunit</span> <span class='ocrx_word' id='word_1_186' title='bbox 973 2727 1161 2822; x_wconf 66' lang='lat' dir='ltr'>prospedul</span> 
     </span>
     <span class='ocr_line' id='line_1_27' title="bbox 132 2825 1162 2926; baseline -0.01 -18"><span class='ocrx_word' id='word_1_187' title='bbox 132 2849 214 2908; x_wconf 88' lang='lat' dir='ltr'>non</span> <span class='ocrx_word' id='word_1_188' title='bbox 239 2843 315 2904; x_wconf 86' lang='lat' dir='ltr'>tam</span> <span class='ocrx_word' id='word_1_189' title='bbox 339 2831 460 2906; x_wconf 81' lang='lat' dir='ltr'>animae</span> <span class='ocrx_word' id='word_1_190' title='bbox 488 2855 590 2924; x_wconf 89' lang='lat' dir='ltr'>quam</span> <span class='ocrx_word' id='word_1_191' title='bbox 617 2832 739 2926; x_wconf 86' lang='lat' dir='ltr'>carni,</span> <span class='ocrx_word' id='word_1_192' title='bbox 774 2831 836 2906; x_wconf 80' lang='lat' dir='ltr'>etsi</span> <span class='ocrx_word' id='word_1_193' title='bbox 862 2843 1015 2922; x_wconf 88' lang='lat' dir='ltr'>propter</span> <span class='ocrx_word' id='word_1_194' title='bbox 1037 2825 1162 2904; x_wconf 84' lang='lat' dir='ltr'>animas</span> 
     </span>
     <span class='ocr_line' id='line_1_28' title="bbox 132 2927 1162 3029; baseline -0.008 -23"><span class='ocrx_word' id='word_1_195' title='bbox 132 2929 348 3006; x_wconf 83' lang='lat' dir='ltr'>Auferenda</span> <span class='ocrx_word' id='word_1_196' title='bbox 362 2931 412 3004; x_wconf 86' lang='lat' dir='ltr'>est</span> <span class='ocrx_word' id='word_1_197' title='bbox 428 2933 520 3006; x_wconf 91' lang='lat' dir='ltr'>enim</span> <span class='ocrx_word' id='word_1_198' title='bbox 538 2932 833 3029; x_wconf 89' lang='lat' dir='ltr'>argumentatoris</span> <span class='ocrx_word' id='word_1_199' title='bbox 849 2927 1006 3018; x_wconf 78' lang='lat' dir='ltr'>occasu,</span> <span class='ocrx_word' id='word_1_200' title='bbox 1023 2929 1082 3019; x_wconf 89' lang='lat' dir='ltr'>qui</span> <span class='ocrx_word' id='word_1_201' title='bbox 1098 2947 1162 3018; x_wconf 85' lang='lat' dir='ltr'>qut</span> 
     </span>
     <span class='ocr_line' id='line_1_29' title="bbox 113 3028 1162 3118; baseline -0.01 -12"><span class='ocrx_word' id='word_1_202' title='bbox 113 3034 255 3106; x_wconf 84' lang='lat' dir='ltr'>&#39;anima</span> <span class='ocrx_word' id='word_1_203' title='bbox 283 3031 477 3104; x_wconf 79' lang='lat' dir='ltr'>desiderare</span> <span class='ocrx_word' id='word_1_204' title='bbox 504 3033 668 3106; x_wconf 84' lang='lat' dir='ltr'>uideatur</span> <span class='ocrx_word' id='word_1_205' title='bbox 697 3034 890 3118; x_wconf 86' lang='lat' dir='ltr'>alimenta,</span> <span class='ocrx_word' id='word_1_206' title='bbox 931 3028 1016 3100; x_wconf 91' lang='lat' dir='ltr'>hinc</span> <span class='ocrx_word' id='word_1_207' title='bbox 1051 3045 1162 3118; x_wconf 87' lang='lat' dir='ltr'>quoqt</span> 
     </span>
     <span class='ocr_line' id='line_1_30' title="bbox 133 3119 1162 3229; baseline -0.011 -23"><span class='ocrx_word' id='word_1_208' title='bbox 133 3132 328 3206; x_wconf 79' lang='lat' dir='ltr'>mortalem</span> <span class='ocrx_word' id='word_1_209' title='bbox 351 3151 426 3202; x_wconf 84' lang='lat' dir='ltr'>earn</span> <span class='ocrx_word' id='word_1_210' title='bbox 446 3133 592 3229; x_wconf 90' lang='lat' dir='ltr'>intelligi</span> <span class='ocrx_word' id='word_1_211' title='bbox 617 3119 740 3226; x_wconf 76' lang='lat' dir='ltr'>cupit,</span> <span class='ocrx_word' id='word_1_212' title='bbox 768 3150 844 3222; x_wconf 79' lang='lat' dir='ltr'>quae</span> <span class='ocrx_word' id='word_1_213' title='bbox 865 3127 952 3198; x_wconf 89' lang='lat' dir='ltr'>cibis</span> <span class='ocrx_word' id='word_1_214' title='bbox 974 3123 1162 3200; x_wconf 86' lang='lat' dir='ltr'>sustineatu</span> 
     </span>
     <span class='ocr_line' id='line_1_31' title="bbox 133 3221 1162 3327; baseline -0.009 -22"><span class='ocrx_word' id='word_1_215' title='bbox 133 3231 294 3322; x_wconf 84' lang='lat' dir='ltr'>denique</span> <span class='ocrx_word' id='word_1_216' title='bbox 314 3229 492 3326; x_wconf 89' lang='lat' dir='ltr'>derogatis</span> <span class='ocrx_word' id='word_1_217' title='bbox 513 3232 563 3306; x_wconf 90' lang='lat' dir='ltr'>eis</span> <span class='ocrx_word' id='word_1_218' title='bbox 582 3227 781 3327; x_wconf 86' lang='lat' dir='ltr'>evigescat,</span> <span class='ocrx_word' id='word_1_219' title='bbox 812 3227 995 3320; x_wconf 88' lang='lat' dir='ltr'>postremo</span> <span class='ocrx_word' id='word_1_220' title='bbox 1015 3221 1162 3297; x_wconf 78' lang='lat' dir='ltr'>subtratl</span> 
     </span>
     <span class='ocr_line' id='line_1_32' title="bbox 133 3323 1161 3423; baseline -0.01 -19"><span class='ocrx_word' id='word_1_221' title='bbox 133 3327 341 3404; x_wconf 87' lang='lat' dir='ltr'>intercidat.</span> <span class='ocrx_word' id='word_1_222' title='bbox 392 3331 507 3404; x_wconf 88' lang='lat' dir='ltr'>Porro</span> <span class='ocrx_word' id='word_1_223' title='bbox 522 3353 598 3404; x_wconf 92' lang='lat' dir='ltr'>non</span> <span class='ocrx_word' id='word_1_224' title='bbox 615 3328 727 3405; x_wconf 91' lang='lat' dir='ltr'>solum</span> <span class='ocrx_word' id='word_1_225' title='bbox 746 3325 1023 3423; x_wconf 88' lang='lat' dir='ltr'>proponendum</span> <span class='ocrx_word' id='word_1_226' title='bbox 1040 3323 1161 3414; x_wconf 89' lang='lat' dir='ltr'>estqui</span> 
     </span>
     <span class='ocr_line' id='line_1_33' title="bbox 134 3419 1162 3524; baseline -0.009 -20"><span class='ocrx_word' id='word_1_227' title='bbox 134 3449 218 3504; x_wconf 88' lang='lat' dir='ltr'>narn</span> <span class='ocrx_word' id='word_1_228' title='bbox 236 3449 280 3501; x_wconf 83' lang='lat' dir='ltr'>ea</span> <span class='ocrx_word' id='word_1_229' title='bbox 296 3427 487 3524; x_wconf 76' lang='lat' dir='ltr'>desideret,</span> <span class='ocrx_word' id='word_1_230' title='bbox 515 3429 573 3506; x_wconf 89' lang='lat' dir='ltr'>sed</span> <span class='ocrx_word' id='word_1_231' title='bbox 590 3431 623 3504; x_wconf 85' lang='lat' dir='ltr'>dr</span> <span class='ocrx_word' id='word_1_232' title='bbox 640 3434 716 3518; x_wconf 88' lang='lat' dir='ltr'>cui;</span> <span class='ocrx_word' id='word_1_233' title='bbox 744 3429 776 3502; x_wconf 84' lang='lat' dir='ltr'>dt</span> <span class='ocrx_word' id='word_1_234' title='bbox 794 3429 818 3500; x_wconf 85' lang='lat' dir='ltr'>st</span> <span class='ocrx_word' id='word_1_235' title='bbox 838 3439 987 3519; x_wconf 85' lang='lat' dir='ltr'>propter</span> <span class='ocrx_word' id='word_1_236' title='bbox 1007 3419 1060 3514; x_wconf 88' lang='lat' dir='ltr'>se,</span> <span class='ocrx_word' id='word_1_237' title='bbox 1086 3419 1162 3496; x_wconf 45' lang='lat' dir='ltr'>sed¹</span> 
     </span>
     <span class='ocr_line' id='line_1_34' title="bbox 134 3522 1162 3627; baseline -0.013 -22"><span class='ocrx_word' id='word_1_238' title='bbox 134 3549 221 3620; x_wconf 85' lang='lat' dir='ltr'>tur,</span> <span class='ocrx_word' id='word_1_239' title='bbox 251 3527 470 3627; x_wconf 81' lang='lat' dir='ltr'>&amp;quand0,</span> <span class='ocrx_word' id='word_1_240' title='bbox 498 3531 532 3604; x_wconf 84' lang='lat' dir='ltr'>dt</span> <span class='ocrx_word' id='word_1_241' title='bbox 554 3551 709 3622; x_wconf 88' lang='lat' dir='ltr'>quonam</span> <span class='ocrx_word' id='word_1_242' title='bbox 730 3523 868 3618; x_wconf 73' lang='lat' dir='ltr'>usque?</span> <span class='ocrx_word' id='word_1_243' title='bbox 896 3537 970 3596; x_wconf 89' lang='lat' dir='ltr'>tum</span> <span class='ocrx_word' id='word_1_244' title='bbox 987 3522 1084 3616; x_wconf 90' lang='lat' dir='ltr'>quod</span> <span class='ocrx_word' id='word_1_245' title='bbox 1101 3523 1162 3594; x_wconf 90' lang='lat' dir='ltr'>aliu</span> 
     </span>
     <span class='ocr_line' id='line_1_35' title="bbox 133 3620 1162 3722; baseline -0.011 -20"><span class='ocrx_word' id='word_1_246' title='bbox 133 3620 1162 3722; x_wconf 50' lang='lat' dir='ltr'>ummfflwffiummfflwmmmmmm</span> 
     </span>
     <span class='ocr_line' id='line_1_36' title="bbox 133 3721 1162 3824; baseline -0.011 -24"><span class='ocrx_word' id='word_1_247' title='bbox 133 3731 423 3824; x_wconf 86' lang='lat' dir='ltr'>proprietatem,</span> <span class='ocrx_word' id='word_1_248' title='bbox 459 3731 551 3802; x_wconf 89' lang='lat' dir='ltr'>aliud</span> <span class='ocrx_word' id='word_1_249' title='bbox 571 3731 608 3801; x_wconf 92' lang='lat' dir='ltr'>in</span> <span class='ocrx_word' id='word_1_250' title='bbox 633 3723 793 3800; x_wconf 76' lang='lat' dir='ltr'>catallum.</span> <span class='ocrx_word' id='word_1_251' title='bbox 844 3721 1066 3796; x_wconf 80' lang='lat' dir='ltr'>Desiderabit</span> <span class='ocrx_word' id='word_1_252' title='bbox 1086 3721 1162 3817; x_wconf 81' lang='lat' dir='ltr'>igitr</span> 
     </span>
     <span class='ocr_line' id='line_1_37' title="bbox 133 3821 1162 3923; baseline -0.014 -21"><span class='ocrx_word' id='word_1_253' title='bbox 133 3831 238 3902; x_wconf 86' lang='lat' dir='ltr'>cibos</span> <span class='ocrx_word' id='word_1_254' title='bbox 258 3831 394 3923; x_wconf 84' lang='lat' dir='ltr'>anima,</span> <span class='ocrx_word' id='word_1_255' title='bbox 422 3831 483 3906; x_wconf 85' lang='lat' dir='ltr'>fibi</span> <span class='ocrx_word' id='word_1_256' title='bbox 500 3829 640 3923; x_wconf 87' lang='lat' dir='ltr'>quidem</span> <span class='ocrx_word' id='word_1_257' title='bbox 657 3849 700 3898; x_wconf 81' lang='lat' dir='ltr'>ex</span> <span class='ocrx_word' id='word_1_258' title='bbox 717 3821 830 3898; x_wconf 83' lang='lat' dir='ltr'>caussa</span> <span class='ocrx_word' id='word_1_259' title='bbox 844 3823 1073 3915; x_wconf 75' lang='lat' dir='ltr'>necessitatis,</span> <span class='ocrx_word' id='word_1_260' title='bbox 1097 3836 1162 3889; x_wconf 85' lang='lat' dir='ltr'>can</span> 
     </span>
    </p>

    <p class='ocr_par' dir='ltr' id='par_1_3' title="bbox 639 3925 1145 4018">
     <span class='ocr_line' id='line_1_38' title="bbox 639 3925 1145 4018; baseline -0.006 -28"><span class='ocrx_word' id='word_1_261' title='bbox 639 3925 699 3998; x_wconf 79' lang='lat' dir='ltr'>lib</span> <span class='ocrx_word' id='word_1_262' title='bbox 723 3948 748 4018; x_wconf 85' lang='lat'>4</span> <span class='ocrx_word' id='word_1_263' title='bbox 1051 3937 1145 3988; x_wconf 83' lang='lat' dir='ltr'>utro</span> 
     </span>
    </p>
   </div>
   <div class='ocr_carea' id='block_1_3' title="bbox 0 0 1272 4336">
    <p class='ocr_par' dir='ltr' id='par_1_4' title="bbox 0 0 1272 4336">
     <span class='ocr_line' id='line_1_39' title="bbox 0 0 1272 4336; baseline 0 0"><span class='ocrx_word' id='word_1_264' title='bbox 0 0 1272 4336; x_wconf 95' lang='lat' dir='ltr'> </span> 
     </span>
    </p>
   </div>
  </div>
 </body>
</html>
