2634 4336
31 427 34 440 '
160 419 335 522 prodere.

162 159 241 270 pta
313 153 685 265 Quamnam.
712 155 1082 236 Taaruttrarrr
1185 240 1187 248 .

163 324 216 400 tit
230 321 267 394 dt
284 319 500 416 ostendere,
532 320 722 416 prudentia
739 317 815 396 sola
834 333 1033 402 concutere
1052 297 1176 414 potius
1196 319 1236 399 ec
1260 283 1263 286 ¹

249 544 280 612 3.
306 517 516 594 Abscondat
532 519 709 614 itaquese
722 519 884 612 serpens,
912 532 1082 610 quantum
1095 517 1233 616 potest,

162 614 356 714 'totamque
384 619 606 720 prudentiam
631 623 666 694 in
690 621 904 692 latebrarum
930 617 1134 714 ambagibus
1156 635 1234 692 tor-

162 733 295 814 ¹queat:
321 721 395 794 alte
408 720 568 813 habitet,
596 721 631 794 in
653 741 746 792 caeca
766 716 997 810 detrudatur,
1023 740 1089 814 per
1109 719 1235 794 amsra·

164 819 245 914 sius
263 821 387 895 scriem
402 818 497 896 suam
518 821 692 913 evolvat,
718 817 884 893 tortuose
906 819 1082 912 procedat
1100 839 1168 892 nec
1182 817 1234 894 se·

28 989 30 996 ,
163 921 241 1008 mel
257 933 383 1010 totus,
410 919 567 1015 lucifuga
582 917 703 996 bestia.
755 917 793 991 N
795 917 897 992 ostra
912 913 1088 994 columbae
1103 919 1232 1014 domus

166 1019 315 1116 fimplex
331 1021 458 1112 etiam,
473 1019 625 1106 ineditis
642 1017 776 1114 semper
790 1021 823 1092 dr
839 1015 970 1112 apertis
987 1018 1075 1090 &ad
1093 1020 1231 1112 lucem;

169 1133 265 1194 amat
289 1115 438 1212 figuram
462 1119 601 1212 spiritus
625 1117 756 1210 santii,
790 1119 981 1208 orientem¹
995 1115 1121 1192 Christi
1144 1115 1234 1215 figu-

166 1237 256 1308 ram.
313 1215 412 1292 Nihil
436 1219 569 1294 veritas
596 1218 800 1312 erubescit,
834 1219 894 1292 nili
921 1217 1146 1292 solummodo
1167 1221 1234 1296 ,ab-

121 1315 126 1322 ’
165 1313 316 1406 scondi:
342 1319 424 1410 quia
436 1339 505 1392 nec
521 1317 670 1410 pudebit
689 1319 799 1392 ullum
813 1339 915 1392 aures
929 1319 962 1392 ei
980 1317 1130 1410 dedere,
1149 1339 1235 1396 eum

168 1415 292 1494 Deum
313 1415 597 1514 recognoscere,
621 1433 726 1511 quem
746 1421 816 1514 jam
834 1418 884 1492 illi
900 1433 1028 1492 natura
1043 1417 1235 1514 commisit,

171 1537 279 1612 quem
297 1518 460 1612 quotidie
478 1519 515 1592 in
534 1519 704 1612 operibus
726 1520 891 1593 omnibus
907 1513 1034 1610 sentit,
1052 1515 1132 1592 hoe
1149 1515 1235 1590 solo

67 1612 71 1622 “
117 1679 121 1682 .
169 1619 287 1694 minus
311 1623 462 1710 notum,
496 1618 594 1712 quod
617 1618 760 1692 unicum
785 1638 862 1692 non
882 1617 1051 1712 putavit,
1078 1615 1177 1714 quod
1194 1619 1237 1693 in

169 1718 575 1813 numeronominavit,
612 1718 710 1812 quod
735 1719 771 1792 in
796 1719 871 1792 aliis
897 1719 1072 1794 adoravit.
1132 1715 1236 1790 Alio·

172 1819 261 1908 quin
283 1839 303 1890 a
327 1819 432 1890 turba
455 1838 581 1890 eorum
600 1817 634 1891 dt
652 1817 752 1900 aliam
768 1817 1003 1910 frequentiam
1019 1809 1189 1910 suadere,
1213 1837 1234 1890 a

171 1916 370 1991 domestico
389 1918 591 2010 principatu
608 1919 651 1990 'ad
671 1917 892 2014 incognitum
914 1929 1190 2016 transmovere,
1215 1935 1236 1992 a

149 2013 360 2092 manifesto
385 2016 428 2088 ad
450 2019 632 2090 occultum
653 2032 883 2109 retorquere:
917 2015 961 2090 de
977 2016 1099 2090 limine
1120 2015 1236 2090 offen·

170 2113 259 2188 dere
273 2113 335 2190 est.
386 2115 461 2208 Jam
476 2115 499 2187 sr
517 2116 550 2188 u
565 2117 601 2188 in
615 2130 732 2192 totam
746 2116 901 2193 fabulam
914 2114 1095 2208 initietur,
1111 2135 1236 2190 nome

170 2215 245 2288 tale
271 2213 402 2305 aliquid
423 2213 564 2288 dabitur
579 2229 616 2288 te
636 2219 672 2290 in
696 2215 868 2308 infantia„
903 2215 998 2290 inter
1018 2213 1133 2290 somni
1149 2212 1237 2288 diffi-

172 2313 326 2388 conates
344 2335 364 2387 a
381 2315 561 2392 nutricula
582 2313 732 2407 audisse,
760 2315 891 2392 Lamiae
914 2331 1051 2408 turres,
1079 2313 1240 2407 &peur-

171 2429 237 2490 nes
254 2411 365 2488 solis?
390 2413 460 2487 Sed
480 2417 538 2509 qui
556 2439 600 2490 ex
617 2420 682 2490 alia
699 2412 919 2494 conscientia
933 2417 1078 2490 venerit
1089 2411 1193 2506 fidei,
1211 2411 1238 2490 li

171 2510 288 2590 statim
313 2515 476 2586 inveniat
502 2527 562 2588 tot
584 2519 730 2592 nomina
760 2537 931 2609 conum,
969 2530 1030 2590 tot
1054 2515 1239 2610 conjugia,

103 2635 106 2642 ’
170 2619 234 2684 tot
249 2613 448 2707 genimina,
463 2627 523 2686 tot
537 2617 674 2708 exitus,
691 2630 752 2688 tot
766 2631 939 2708 eventus,
957 2615 1169 2708 felicitates,
1185 2615 1243 2688 irr-

31 2781 35 2789 ,
159 2703 362 2790 ‘felicitates
382 2711 540 2808 dispersa
560 2729 666 2806 atque
682 2714 833 2790 concisae
853 2715 1073 2807 divinitatis,
1099 2713 1242 2788 dubita·

170 2809 317 2889 bitume
336 2811 469 2890 ibidem
489 2817 728 2908 pronunciare
750 2815 811 2890 hos
834 2811 903 2888 else
917 2815 1049 2907 fabulas
1073 2815 1108 2886 dt
1125 2837 1244 2908 ganea·

171 2911 269 3006 ugus
291 2915 582 2996 indeterminato,
618 2935 703 3006 quas
731 2913 896 3010 Apostoli
925 2915 1064 3010 spiritus
1089 2913 1143 2988 his
1166 2914 1242 3006 iam

171 3022 262 3087 turne
277 3011 534 3104 pullulantibus
550 3011 742 3097 seminibus
753 3015 950 3108 haereticis,
970 3015 1137 3090 damnare
1150 3033 1242 3106 prae·
1264 3063 1266 3070 ,

172 3109 303 3190 ueniti
329 3111 468 3188 Merito
488 3114 608 3207 itaque
625 3111 702 3209 nbn
717 3114 909 3210 implices,
935 3118 1066 3190 merito
1083 3123 1242 3188 tantum-

172 3209 287 3288 modo
311 3211 527 3306 prudentes,
561 3215 621 3306 q'ui
634 3215 727 3288 talia
749 3235 871 3306 neque
887 3213 991 3292 facile
1012 3213 1241 3310 producunt,

172 3327 293 3402 neque
308 3321 432 3388 eante
447 3309 656 3402 defendunt,
667 3313 726 3388 sed
736 3335 805 3387 nec
817 3333 942 3388 omnes
958 3331 1048 3406 quos
1066 3311 1244 3408 edocent,

172 3407 387 3502 perdocent.
428 3409 564 3502 Utique
580 3411 712 3504 astute,
728 3427 770 3488 ut
783 3413 959 3508 pudenda.
1002 3409 1174 3490 Ceterum
1189 3411 1245 3490 in·

171 3505 348 3607 humane,
374 3508 576 3590 fihonesta.
634 3507 684 3588 Et
699 3525 819 3588 tamen
833 3511 1005 3606 simplices
1025 3531 1093 3588 nos
1113 3529 1257 3590 oroneo·

172 3601 302 3682 sumus.
353 3606 523 3702 Denique
539 3609 634 3686 barne
649 3612 799 3706 primum
816 3633 969 3688 cuneum
984 3611 1245 3706 congretuonia

172 3706 413 3799 armavimus,
441 3707 662 3788 oereuorem
683 3711 718 3788 dt
739 3711 999 3806 designatorem
1014 3713 1131 3800 totius
1153 3731 1246 3786 con·

128 3891 131 3911 Ι
172 3799 327 3904 mendo
340 3803 508 3909 illorum,
538 3810 758 3912 primamque
771 3809 865 3892 hant
882 3807 1069 3890 vitiorium
1085 3809 1248 3906 auspice·

733 3949 736 3956 ·
1092 3929 1193 4008 mur,
