2572 4336
129 207 186 303 ,d
241 271 243 276 .
293 199 504 320 Q.'Srrr.
529 187 672 275 reos.
697 193 1068 278 Trnnuttrnrrr

95 434 107 458 ,
162 367 249 468 sus,
281 365 421 444 exuuiis
453 363 585 438 ibidem
617 357 747 434 relistis
781 365 900 436 nornis
936 365 1116 457 explicat,
1144 379 1236 442 cun!

98 459 105 472 '
161 453 473 560 squamisuanni
504 459 720 536 recusantur.
774 461 938 556 Iiyaena,
976 463 1008 538 n
1027 461 1235 554 observes,

165 563 267 646 sexus
282 565 418 640 annalis
435 561 498 654 est,
524 580 657 646 marem
674 559 889 636 &seminam
906 559 1068 638 alternet.
1119 563 1237 634 taceo

165 683 335 759 cervum,
361 661 460 758 quod
488 659 620 756 &ipse
646 664 758 734 aetatis
782 660 848 736 sure
872 665 1023 756 arbiter,
1061 663 1239 758 serpente

165 765 476 884 pastus„veneno
502 758 698 856 languescit
722 761 760 834 in
781 763 1027 856 ‘pruentutem
1087 763 1142 862 Eli
1170 767 1238 842 et',

130 864 145 889 '¹
167 871 364 963 quadrupes,
390 862 589 958 tardigrada,
614 861 761 956 egressis,
788 863 931 952 seumilis,
956 865 1071 958 aspera.
1123 859 1240 936 testu·

101 985 126 1043 ⁶.
168 963 290 1044 dinem
311 961 550 1038 Pacuvianam
573 959 703 1055 putas?
728 956 891 1038 nonest:
918 963 1016 1056 capit
1034 961 1068 1036 u
1085 961 1154 1036 alia
1171 963 1240 1033 be·

166 1061 272 1145 illota
291 1063 518 1153 versiculum,
532 1061 577 1139 de
596 1062 838 1136 mediocribus
853 1062 1006 1156 oppido,
1019 1059 1077 1134 sed
1093 1079 1238 1134 nomen

168 1165 316 1265 grande:
328 1163 625 1238 chenraeleontern
642 1162 701 1252 qui
711 1159 877 1254 audieris,
885 1162 981 1240 haud
995 1173 1078 1236 ante
1088 1169 1239 1255 gnerus,

165 1267 238 1360 jem
252 1261 394 1338 timebis
409 1259 539 1354 aliquid
561 1259 710 1353 amplius
728 1281 810 1336 curn
822 1263 961 1354 leoneq
976 1275 1012 1336 ct
1025 1255 1239 1338 cumoifen·

154 1365 263 1455 ,deris
281 1359 374 1456 apud
390 1362 533 1436 vineam
549 1357 663 1432 ferme
676 1358 737 1434 sub
751 1362 926 1454 pampino
940 1373 1080 1452 totum;
1099 1357 1238 1434 ridebis

169 1465 269 1542 illico
285 1461 467 1548 andedam
482 1459 515 1535 tr
530 1457 704 1540 Greciam
720 1459 893 1535 nominis:
920 1459 1054 1555 quippe
1070 1479 1142 1537 nec
1159 1455 1240 1532 suc·

172 1583 235 1638 cus
255 1559 306 1638 est
321 1563 480 1652 corpori,
501 1577 574 1650 quo
589 1559 842 1639 minutioribus
857 1561 973 1638 multo
992 1561 1116 1652 liquet.
1142 1557 1240 1632 Cha-

88 1721 90 1732 ,
169 1663 326 1740 meleon
352 1660 518 1754 pellicula
553 1661 668 1746 viuit;
703 1661 898 1754 capitulum
923 1657 1039 1732 stetim
1061 1678 1082 1734 e
1106 1655 1239 1734 dorso:

171 1783 255 1840 nam
274 1755 398 1834 deficit
424 1759 559 1834 cervix.
598 1756 728 1851 ltaque
755 1763 879 1834 durum
902 1755 1061 1840 reflesli,
1086 1755 1146 1834 sed
1167 1759 1241 1830 cir·

173 1857 374 1950 cumspetlu
397 1857 544 1934 emiilitii
564 1859 698 1948 ocelli,
716 1857 798 1930 imo
814 1861 956 1936 luminis
974 1855 1104 1953 penna
1123 1855 1240 1932 verti·

172 1961 313 2058 ginsnt:
341 1960 475 2050 hebes,
501 1955 628 2048 selius,
655 1960 716 2030 vix
737 1955 771 2032 se
787 1977 806 2031 a
824 1972 917 2032 terra
935 1957 1133 2050 suspendit:
1157 1975 1239 2032 mo·

172 2063 258 2134 litur
277 2056 447 2132 incessum
468 2056 638 2150 stupens,
666 2055 934 2150 depromeret,
957 2056 1102 2152 gradum
1126 2057 1239 2154 mugit

173 2155 396 2248 demonstret
420 2177 524 2246 quarn
543 2156 717 2251 explicat,
739 2155 883 2249 jejunus
897 2155 1034 2231 scilicet
1050 2155 1186 2257 semper
1201 2153 1240 2232 dt

174 2248 392 2336 indefectus:
418 2253 573 2332 oscitans
601 2255 773 2348 uescitur,
806 2256 972 2333 follicans
990 2257 1163 2347 ruminat,
1190 2255 1239 2332 de
1279 2271 1280 2350 l

176 2373 292 2432 vento
312 2357 423 2434 cibus:
475 2353 617 2434 Temen
636 2354 672 2428 dr
696 2357 917 2432 chameleon
946 2353 1085 2434 mutare
1113 2367 1239 2450 totus,

175 2478 246 2534 nec
262 2457 372 2548 alius,
398 2455 507 2530 velet.
535 2475 616 2530 nam
634 2476 714 2530 cum
732 2455 780 2527 illi
797 2457 932 2530 coloris
948 2459 1148 2551 proprietas
1164 2471 1239 2531 une
1279 2539 1280 2548 Ν

176 2555 241 2648 stt,
267 2553 411 2646 utquid
426 2551 585 2642 acceffit,
611 2555 696 2630 inde
713 2553 928 2631 suffunditur
938 2578 954 2644 :A
984 2557 1059 2634 hoc
1074 2548 1139 2630 soli
1156 2553 1241 2630 cha·
1279 2549 1280 2568 ¹

177 2657 362 2732 meleonti
385 2654 526 2746 datum,
545 2655 660 2750 .quod
683 2655 795 2752 vulgo
820 2655 950 2732 ditium
969 2653 1043 2751 esi,
1069 2653 1114 2730 de
1134 2655 1241 2730 corio

177 2755 241 2838 suo
267 2755 403 2834 ludere.
453 2754 573 2830 Multa
593 2753 785 2836 dicendum
809 2755 899 2850 fuit,
927 2769 969 2851 ut
987 2755 1030 2834 cd
1053 2755 1241 2831 hominem

178 2851 405 2954 prestruslim
430 2857 691 2947 perveniretur.
744 2857 852 2931 Hunc
874 2877 1023 2949 quoquo
1041 2853 1241 2952 primordio

180 2955 365 3050 accipitis,
389 2952 506 3028 nudus
522 2965 621 3032 certe
635 2956 669 3031 dc
683 2955 830 3032 investis
848 2953 959 3052 figulo
972 2955 1035 3034 suo
1055 2951 1243 3046 constitit,

179 3051 262 3152 post
276 3053 420 3131 demum
438 3051 667 3147 sapientiam,
694 3057 788 3134 haud
808 3057 891 3131 dum
908 3057 1063 3148 licitam,
1089 3071 1245 3152 prerep-

180 3167 254 3240 tarn
273 3156 423 3246 potitur.
481 3154 617 3232 ibidem
636 3156 734 3254 quod
750 3157 786 3232 in
805 3177 909 3230 nouo
933 3173 1090 3248 corpore
1105 3151 1245 3226 indebi-

180 3251 391 3328 tumadlruc
407 3253 536 3346 pudori
551 3269 640 3348 eret,
667 3251 858 3353 protegere
869 3253 1052 3345 festinans,
1077 3249 1245 3330 ficulneis

181 3351 278 3430 soliis
294 3351 437 3432 interim
458 3357 668 3448 circumdat,
686 3353 817 3446 dehinc
833 3377 914 3430 cum
932 3357 977 3432 de
993 3353 1137 3448 originis
1153 3351 1245 3426 loeo

110 3491 115 3499 ·
183 3452 419 3546 exterminet,
455 3451 610 3553 (quippe
637 3454 858 3558 deliquerat)
885 3457 1028 3550 pellitus
1061 3451 1161 3536 orbi,
1201 3461 1247 3528 ut

181 3551 332 3628 metallo
358 3551 482 3631 detur:
508 3553 568 3632 sed
590 3575 715 3632 arcana
740 3553 827 3648 istc,
853 3575 922 3630 nee
951 3553 1110 3630 omnium
1129 3547 1247 3630 nolle.

184 3647 288 3728 Cedo
309 3653 382 3749 jun
414 3653 468 3729 de·
488 3653 636 3746 ¹vestre,
675 3655 773 3750 quod
806 3655 976 3750 Aegyptii
1008 3662 1170 3742 narrant,
1211 3647 1250 3726 dt

185 3749 397 3830 Alexander
415 3751 591 3852 digerit&
609 3767 723 3832 mater
742 3756 830 3850 legit
853 3777 895 3830 ea
910 3751 1122 3849 tempestate
1141 3746 1250 3826 unri-

186 3851 239 3932 dis
254 3873 323 3951 qut
340 3853 497 3934 edilium
512 3851 981 3953 exLibyeHunuonfecit
996 3849 1252 4033 oviup’djpes.

1127 3969 1199 4032 ent·
