<?xml version="1.0" encoding="UTF-8"?>
<!DOCTYPE html PUBLIC "-//W3C//DTD XHTML 1.0 Transitional//EN"
    "http://www.w3.org/TR/xhtml1/DTD/xhtml1-transitional.dtd">
<html xmlns="http://www.w3.org/1999/xhtml" xml:lang="en" lang="en">
 <head>
  <title>
</title>
<meta http-equiv="Content-Type" content="text/html;charset=utf-8" />
  <meta name='ocr-system' content='tesseract 3.04.00' />
  <meta name='ocr-capabilities' content='ocr_page ocr_carea ocr_par ocr_line ocrx_word'/>
</head>
<body>
  <div class='ocr_page' id='page_1' title='image "./operaomnia00tertgoog_0103.png"; bbox 0 0 2540 4334; ppageno 0'>
   <div class='ocr_carea' id='block_1_1' title="bbox 200 235 1103 347">
    <p class='ocr_par' dir='ltr' id='par_1_1' title="bbox 200 235 1103 347">
     <span class='ocr_line' id='line_1_1' title="bbox 200 235 1103 347; baseline 0.004 -37"><span class='ocrx_word' id='word_1_1' title='bbox 200 285 207 297; x_wconf 80' lang='lat'><strong>·</strong></span> <span class='ocrx_word' id='word_1_2' title='bbox 296 235 954 316; x_wconf 48' lang='lat' dir='ltr'>nel’arraurrm·n</span> <span class='ocrx_word' id='word_1_3' title='bbox 1056 245 1103 347; x_wconf 58' lang='lat' dir='ltr'>Q</span> 
     </span>
    </p>
   </div>
   <div class='ocr_carea' id='block_1_2' title="bbox 41 396 1189 2793">
    <p class='ocr_par' dir='ltr' id='par_1_2' title="bbox 48 396 1180 886">
     <span class='ocr_line' id='line_1_2' title="bbox 57 396 1100 496; baseline 0.006 -22"><span class='ocrx_word' id='word_1_4' title='bbox 57 417 148 490; x_wconf 78' lang='lat' dir='ltr'>qaum</span> <span class='ocrx_word' id='word_1_5' title='bbox 171 417 246 474; x_wconf 88' lang='lat' dir='ltr'>uon</span> <span class='ocrx_word' id='word_1_6' title='bbox 269 419 334 496; x_wconf 89' lang='lat' dir='ltr'>per</span> <span class='ocrx_word' id='word_1_7' title='bbox 354 399 616 494; x_wconf 75' lang='lat' dir='ltr'>impatientiam</span> <span class='ocrx_word' id='word_1_8' title='bbox 640 396 881 494; x_wconf 87' lang='lat' dir='ltr'>delinquendo</span> <span class='ocrx_word' id='word_1_9' title='bbox 902 397 1100 493; x_wconf 83' lang='lat' dir='ltr'>perierunt.</span> 
     </span>
     <span class='ocr_line' id='line_1_3' title="bbox 54 499 1180 596; baseline 0.005 -26"><span class='ocrx_word' id='word_1_10' title='bbox 54 499 241 596; x_wconf 81' lang='lat' dir='ltr'>Quomodo</span> <span class='ocrx_word' id='word_1_11' title='bbox 268 513 386 574; x_wconf 84' lang='lat' dir='ltr'>autem</span> <span class='ocrx_word' id='word_1_12' title='bbox 412 501 601 596; x_wconf 88' lang='lat' dir='ltr'>prophetis</span> <span class='ocrx_word' id='word_1_13' title='bbox 628 523 752 574; x_wconf 85' lang='lat' dir='ltr'>manus</span> <span class='ocrx_word' id='word_1_14' title='bbox 774 499 1001 594; x_wconf 80' lang='lat' dir='ltr'>intulerunt,</span> <span class='ocrx_word' id='word_1_15' title='bbox 1035 501 1102 580; x_wconf 85' lang='lat' dir='ltr'>nist</span> <span class='ocrx_word' id='word_1_16' title='bbox 1147 531 1180 576; x_wconf 58' lang='grc' dir='ltr'><strong>Α</strong></span> 
     </span>
     <span class='ocr_line' id='line_1_4' title="bbox 51 597 1130 696; baseline 0.006 -26"><span class='ocrx_word' id='word_1_17' title='bbox 51 617 110 692; x_wconf 89' lang='lat' dir='ltr'>per</span> <span class='ocrx_word' id='word_1_18' title='bbox 124 599 374 691; x_wconf 81' lang='lat' dir='ltr'>impatientiam</span> <span class='ocrx_word' id='word_1_19' title='bbox 392 600 592 691; x_wconf 77' lang='lat' dir='ltr'>audiendi?</span> <span class='ocrx_word' id='word_1_20' title='bbox 623 599 772 680; x_wconf 90' lang='lat' dir='ltr'>domino</span> <span class='ocrx_word' id='word_1_21' title='bbox 792 611 911 674; x_wconf 86' lang='lat' dir='ltr'>autem</span> <span class='ocrx_word' id='word_1_22' title='bbox 924 597 1008 696; x_wconf 85' lang='lat' dir='ltr'>ipsr,</span> <span class='ocrx_word' id='word_1_23' title='bbox 1031 623 1101 696; x_wconf 81' lang='lat' dir='ltr'>pet:</span> <span class='ocrx_word' id='word_1_24' title='bbox 1125 649 1130 658; x_wconf 84' lang='lat'><em>-</em></span> 
     </span>
     <span class='ocr_line' id='line_1_5' title="bbox 51 695 1101 799; baseline 0.01 -29"><span class='ocrx_word' id='word_1_25' title='bbox 51 695 292 792; x_wconf 82' lang='lat' dir='ltr'>impatientiam</span> <span class='ocrx_word' id='word_1_26' title='bbox 327 701 433 772; x_wconf 89' lang='lat' dir='ltr'>etiam</span> <span class='ocrx_word' id='word_1_27' title='bbox 466 699 623 778; x_wconf 89' lang='lat' dir='ltr'>videndi.</span> <span class='ocrx_word' id='word_1_28' title='bbox 692 697 860 799; x_wconf 80' lang='lat' dir='ltr'>Quodsi</span> <span class='ocrx_word' id='word_1_29' title='bbox 890 701 1101 796; x_wconf 84' lang='lat' dir='ltr'>patientiam</span> 
     </span>
     <span class='ocr_line' id='line_1_6' title="bbox 48 795 510 886; baseline 0.004 -16"><span class='ocrx_word' id='word_1_30' title='bbox 48 795 195 886; x_wconf 77' lang='lat' dir='ltr'>iuiffent,</span> <span class='ocrx_word' id='word_1_31' title='bbox 220 799 467 876; x_wconf 84' lang='lat' dir='ltr'>liberarentur.</span> <span class='ocrx_word' id='word_1_32' title='bbox 500 857 510 864; x_wconf 95' lang='lat'>.</span> 
     </span>
    </p>

    <p class='ocr_par' dir='ltr' id='par_1_3' title="bbox 41 895 1189 2793">
     <span class='ocr_line' id='line_1_7' title="bbox 116 895 1100 995; baseline 0.011 -27"><span class='ocrx_word' id='word_1_33' title='bbox 116 901 147 974; x_wconf 85' lang='lat'>6.</span> <span class='ocrx_word' id='word_1_34' title='bbox 175 896 251 990; x_wconf 88' lang='lat' dir='ltr'>Ipsa</span> <span class='ocrx_word' id='word_1_35' title='bbox 273 899 364 972; x_wconf 89' lang='lat' dir='ltr'>adeo</span> <span class='ocrx_word' id='word_1_36' title='bbox 390 899 465 994; x_wconf 88' lang='lat' dir='ltr'>est,</span> <span class='ocrx_word' id='word_1_37' title='bbox 500 921 578 992; x_wconf 85' lang='lat' dir='ltr'>quae</span> <span class='ocrx_word' id='word_1_38' title='bbox 601 897 707 976; x_wconf 84' lang='lat' dir='ltr'>iidem</span> <span class='ocrx_word' id='word_1_39' title='bbox 731 899 764 976; x_wconf 76' lang='grc' dir='ltr'>δι</span> <span class='ocrx_word' id='word_1_40' title='bbox 787 895 1031 995; x_wconf 86' lang='lat' dir='ltr'>subsequitur,</span> <span class='ocrx_word' id='word_1_41' title='bbox 1063 897 1100 979; x_wconf 71' lang='lat' dir='ltr'>da</span> 
     </span>
     <span class='ocr_line' id='line_1_8' title="bbox 48 997 1099 1092; baseline 0.005 -25"><span class='ocrx_word' id='word_1_42' title='bbox 48 998 227 1072; x_wconf 81' lang='lat' dir='ltr'>antecedit.</span> <span class='ocrx_word' id='word_1_43' title='bbox 284 997 453 1092; x_wconf 87' lang='lat' dir='ltr'>Denique</span> <span class='ocrx_word' id='word_1_44' title='bbox 474 999 656 1076; x_wconf 87' lang='lat' dir='ltr'>Abraham</span> <span class='ocrx_word' id='word_1_45' title='bbox 675 999 759 1074; x_wconf 91' lang='lat' dir='ltr'>Deo</span> <span class='ocrx_word' id='word_1_46' title='bbox 781 999 954 1092; x_wconf 89' lang='lat' dir='ltr'>credidit,</span> <span class='ocrx_word' id='word_1_47' title='bbox 988 1001 1022 1072; x_wconf 73' lang='grc' dir='ltr'>δι</span> <span class='ocrx_word' id='word_1_48' title='bbox 1042 1001 1099 1092; x_wconf 87' lang='lat' dir='ltr'>ju-</span> 
     </span>
     <span class='ocr_line' id='line_1_9' title="bbox 46 1091 1100 1194; baseline 0.008 -26"><span class='ocrx_word' id='word_1_49' title='bbox 46 1091 138 1168; x_wconf 77' lang='lat' dir='ltr'>stitie</span> <span class='ocrx_word' id='word_1_50' title='bbox 158 1099 347 1190; x_wconf 86' lang='lat' dir='ltr'>deputatus</span> <span class='ocrx_word' id='word_1_51' title='bbox 373 1101 416 1172; x_wconf 92' lang='lat' dir='ltr'>ab</span> <span class='ocrx_word' id='word_1_52' title='bbox 439 1101 503 1172; x_wconf 93' lang='lat' dir='ltr'>illo</span> <span class='ocrx_word' id='word_1_53' title='bbox 526 1099 607 1178; x_wconf 77' lang='lat' dir='ltr'>esta,</span> <span class='ocrx_word' id='word_1_54' title='bbox 621 1097 679 1174; x_wconf 89' lang='lat' dir='ltr'>sed</span> <span class='ocrx_word' id='word_1_55' title='bbox 701 1098 807 1174; x_wconf 89' lang='lat' dir='ltr'>fidem</span> <span class='ocrx_word' id='word_1_56' title='bbox 828 1099 903 1194; x_wconf 87' lang='lat' dir='ltr'>ejus</span> <span class='ocrx_word' id='word_1_57' title='bbox 924 1101 1100 1194; x_wconf 83' lang='lat' dir='ltr'>patientia</span> 
     </span>
     <span class='ocr_line' id='line_1_10' title="bbox 45 1191 1100 1294; baseline 0.012 -29"><span class='ocrx_word' id='word_1_58' title='bbox 45 1197 232 1290; x_wconf 86' lang='lat' dir='ltr'>probavit,</span> <span class='ocrx_word' id='word_1_59' title='bbox 269 1219 350 1272; x_wconf 90' lang='lat' dir='ltr'>cum</span> <span class='ocrx_word' id='word_1_60' title='bbox 371 1195 482 1274; x_wconf 91' lang='lat' dir='ltr'>filium</span> <span class='ocrx_word' id='word_1_61' title='bbox 503 1191 688 1274; x_wconf 88' lang='lat' dir='ltr'>immolare</span> <span class='ocrx_word' id='word_1_62' title='bbox 707 1197 816 1294; x_wconf 80' lang='lat' dir='ltr'>julius</span> <span class='ocrx_word' id='word_1_63' title='bbox 842 1199 920 1294; x_wconf 86' lang='lat' dir='ltr'>est,</span> <span class='ocrx_word' id='word_1_64' title='bbox 946 1199 990 1272; x_wconf 89' lang='lat' dir='ltr'>ad</span> <span class='ocrx_word' id='word_1_65' title='bbox 1012 1197 1100 1279; x_wconf 85' lang='lat' dir='ltr'>fidei</span> 
     </span>
     <span class='ocr_line' id='line_1_11' title="bbox 45 1295 1100 1394; baseline 0.003 -28"><span class='ocrx_word' id='word_1_66' title='bbox 45 1311 114 1366; x_wconf 88' lang='lat' dir='ltr'>non</span> <span class='ocrx_word' id='word_1_67' title='bbox 133 1297 369 1372; x_wconf 87' lang='lat' dir='ltr'>tentationem</span> <span class='ocrx_word' id='word_1_68' title='bbox 392 1301 564 1392; x_wconf 80' lang='lat' dir='ltr'>dixerim,</span> <span class='ocrx_word' id='word_1_69' title='bbox 599 1298 658 1374; x_wconf 89' lang='lat' dir='ltr'>sed</span> <span class='ocrx_word' id='word_1_70' title='bbox 682 1303 840 1394; x_wconf 89' lang='lat' dir='ltr'>typicam</span> <span class='ocrx_word' id='word_1_71' title='bbox 862 1295 1100 1372; x_wconf 88' lang='lat' dir='ltr'>contestatio-</span> 
     </span>
     <span class='ocr_line' id='line_1_12' title="bbox 44 1394 1100 1494; baseline 0.006 -28"><span class='ocrx_word' id='word_1_72' title='bbox 44 1411 129 1472; x_wconf 85' lang='lat' dir='ltr'>nem.</span> <span class='ocrx_word' id='word_1_73' title='bbox 181 1397 357 1471; x_wconf 86' lang='lat' dir='ltr'>Caeterum</span> <span class='ocrx_word' id='word_1_74' title='bbox 370 1397 470 1472; x_wconf 84' lang='lat' dir='ltr'>Deus</span> <span class='ocrx_word' id='word_1_75' title='bbox 489 1421 593 1491; x_wconf 90' lang='lat' dir='ltr'>quem</span> <span class='ocrx_word' id='word_1_76' title='bbox 608 1397 749 1494; x_wconf 74' lang='lat' dir='ltr'>Justitiae</span> <span class='ocrx_word' id='word_1_77' title='bbox 765 1398 986 1494; x_wconf 82' lang='lat' dir='ltr'>deputallet,</span> <span class='ocrx_word' id='word_1_78' title='bbox 1012 1394 1100 1472; x_wconf 78' lang='lat' dir='ltr'>scie·</span> 
     </span>
     <span class='ocr_line' id='line_1_13' title="bbox 45 1491 1098 1594; baseline 0.003 -28"><span class='ocrx_word' id='word_1_79' title='bbox 45 1491 110 1570; x_wconf 87' lang='lat' dir='ltr'>bat.</span> <span class='ocrx_word' id='word_1_80' title='bbox 157 1495 249 1572; x_wconf 90' lang='lat' dir='ltr'>Tam</span> <span class='ocrx_word' id='word_1_81' title='bbox 262 1519 373 1594; x_wconf 86' lang='lat' dir='ltr'>grave</span> <span class='ocrx_word' id='word_1_82' title='bbox 385 1513 625 1593; x_wconf 75' lang='lat' dir='ltr'>preceptum,</span> <span class='ocrx_word' id='word_1_83' title='bbox 652 1499 750 1592; x_wconf 90' lang='lat' dir='ltr'>quod</span> <span class='ocrx_word' id='word_1_84' title='bbox 767 1521 836 1574; x_wconf 91' lang='lat' dir='ltr'>nec</span> <span class='ocrx_word' id='word_1_85' title='bbox 852 1497 1001 1573; x_wconf 89' lang='lat' dir='ltr'>domino</span> <span class='ocrx_word' id='word_1_86' title='bbox 1016 1518 1098 1592; x_wconf 86' lang='lat' dir='ltr'>per·</span> 
     </span>
     <span class='ocr_line' id='line_1_14' title="bbox 44 1586 1099 1696; baseline 0.006 -32"><span class='ocrx_word' id='word_1_87' title='bbox 44 1586 97 1684; x_wconf 80' lang='lat' dir='ltr'>fici</span> <span class='ocrx_word' id='word_1_88' title='bbox 111 1597 296 1690; x_wconf 84' lang='lat' dir='ltr'>placebat,</span> <span class='ocrx_word' id='word_1_89' title='bbox 322 1598 553 1692; x_wconf 85' lang='lat' dir='ltr'>patienter&amp;</span> <span class='ocrx_word' id='word_1_90' title='bbox 571 1599 727 1692; x_wconf 86' lang='lat' dir='ltr'>audiuit,</span> <span class='ocrx_word' id='word_1_91' title='bbox 755 1599 829 1672; x_wconf 83' lang='lat' dir='ltr'>&amp;si</span> <span class='ocrx_word' id='word_1_92' title='bbox 848 1599 945 1672; x_wconf 89' lang='lat' dir='ltr'>Deus</span> <span class='ocrx_word' id='word_1_93' title='bbox 964 1593 1099 1696; x_wconf 70' lang='lat' dir='ltr'>voluiss</span> 
     </span>
     <span class='ocr_line' id='line_1_15' title="bbox 45 1687 1099 1796; baseline 0.005 -31"><span class='ocrx_word' id='word_1_94' title='bbox 45 1687 107 1786; x_wconf 87' lang='lat' dir='ltr'>set,</span> <span class='ocrx_word' id='word_1_95' title='bbox 131 1695 314 1791; x_wconf 82' lang='lat' dir='ltr'>implellet.</span> <span class='ocrx_word' id='word_1_96' title='bbox 373 1697 513 1772; x_wconf 87' lang='lat' dir='ltr'>Merito</span> <span class='ocrx_word' id='word_1_97' title='bbox 532 1719 619 1796; x_wconf 84' lang='lat' dir='ltr'>ergo</span> <span class='ocrx_word' id='word_1_98' title='bbox 639 1697 867 1788; x_wconf 69' lang='lat' dir='ltr'>benedictus,</span> <span class='ocrx_word' id='word_1_99' title='bbox 902 1699 983 1790; x_wconf 90' lang='lat' dir='ltr'>quia</span> <span class='ocrx_word' id='word_1_100' title='bbox 1004 1697 1038 1768; x_wconf 82' lang='lat' dir='ltr'>de</span> <span class='ocrx_word' id='word_1_101' title='bbox 1056 1693 1099 1770; x_wconf 87' lang='lat' dir='ltr'>li·</span> 
     </span>
     <span class='ocr_line' id='line_1_16' title="bbox 46 1791 1098 1892; baseline 0.004 -26"><span class='ocrx_word' id='word_1_102' title='bbox 46 1791 140 1868; x_wconf 87' lang='lat' dir='ltr'>delis:</span> <span class='ocrx_word' id='word_1_103' title='bbox 171 1801 302 1872; x_wconf 87' lang='lat' dir='ltr'>merito</span> <span class='ocrx_word' id='word_1_104' title='bbox 321 1794 459 1892; x_wconf 87' lang='lat' dir='ltr'>fidelis,</span> <span class='ocrx_word' id='word_1_105' title='bbox 494 1799 575 1890; x_wconf 90' lang='lat' dir='ltr'>quia</span> <span class='ocrx_word' id='word_1_106' title='bbox 595 1799 802 1892; x_wconf 68' lang='lat' dir='ltr'>&amp;patient</span> <span class='ocrx_word' id='word_1_107' title='bbox 853 1797 907 1870; x_wconf 91' lang='lat' dir='ltr'>lta</span> <span class='ocrx_word' id='word_1_108' title='bbox 927 1793 1015 1870; x_wconf 87' lang='lat' dir='ltr'>fides</span> <span class='ocrx_word' id='word_1_109' title='bbox 1035 1815 1098 1890; x_wconf 90' lang='lat' dir='ltr'>pa-</span> 
     </span>
     <span class='ocr_line' id='line_1_17' title="bbox 47 1889 1096 1992; baseline 0.002 -26"><span class='ocrx_word' id='word_1_110' title='bbox 47 1889 157 1969; x_wconf 89' lang='lat' dir='ltr'>tientia</span> <span class='ocrx_word' id='word_1_111' title='bbox 174 1897 391 1992; x_wconf 87' lang='lat' dir='ltr'>illuminata,</span> <span class='ocrx_word' id='word_1_112' title='bbox 418 1917 499 1970; x_wconf 92' lang='lat' dir='ltr'>cum</span> <span class='ocrx_word' id='word_1_113' title='bbox 513 1902 550 1972; x_wconf 93' lang='lat' dir='ltr'>in</span> <span class='ocrx_word' id='word_1_114' title='bbox 566 1899 734 1972; x_wconf 90' lang='lat' dir='ltr'>nationes</span> <span class='ocrx_word' id='word_1_115' title='bbox 748 1895 1003 1988; x_wconf 78' lang='lat' dir='ltr'>seminaretur,</span> <span class='ocrx_word' id='word_1_116' title='bbox 1029 1915 1096 1990; x_wconf 85' lang='lat' dir='ltr'>per</span> 
     </span>
     <span class='ocr_line' id='line_1_18' title="bbox 48 1987 1096 2094; baseline 0.008 -32"><span class='ocrx_word' id='word_1_117' title='bbox 48 1987 149 2068; x_wconf 88' lang='lat' dir='ltr'>semen</span> <span class='ocrx_word' id='word_1_118' title='bbox 168 1993 352 2091; x_wconf 81' lang='lat' dir='ltr'>Abrahae,</span> <span class='ocrx_word' id='word_1_119' title='bbox 388 1997 486 2090; x_wconf 87' lang='lat' dir='ltr'>quod</span> <span class='ocrx_word' id='word_1_120' title='bbox 510 1997 561 2070; x_wconf 90' lang='lat' dir='ltr'>est</span> <span class='ocrx_word' id='word_1_121' title='bbox 581 1998 761 2091; x_wconf 87' lang='lat' dir='ltr'>Christus,</span> <span class='ocrx_word' id='word_1_122' title='bbox 800 1999 835 2070; x_wconf 68' lang='grc' dir='ltr'><strong>ἃ</strong></span> <span class='ocrx_word' id='word_1_123' title='bbox 855 1999 1003 2094; x_wconf 80' lang='lat' dir='ltr'>gratiam</span> <span class='ocrx_word' id='word_1_124' title='bbox 1020 1996 1096 2094; x_wconf 83' lang='lat' dir='ltr'>legi</span> 
     </span>
     <span class='ocr_line' id='line_1_19' title="bbox 47 2083 1096 2192; baseline 0.008 -30"><span class='ocrx_word' id='word_1_125' title='bbox 47 2083 315 2189; x_wconf 88' lang='lat' dir='ltr'>superduceret,</span> <span class='ocrx_word' id='word_1_126' title='bbox 352 2097 557 2191; x_wconf 76' lang='lat' dir='ltr'>amplianda</span> <span class='ocrx_word' id='word_1_127' title='bbox 578 2098 880 2192; x_wconf 80' lang='lat' dir='ltr'>adimplendaeque</span> <span class='ocrx_word' id='word_1_128' title='bbox 903 2096 972 2192; x_wconf 83' lang='lat' dir='ltr'>legi</span> <span class='ocrx_word' id='word_1_129' title='bbox 997 2095 1096 2188; x_wconf 86' lang='lat' dir='ltr'>adju·</span> 
     </span>
     <span class='ocr_line' id='line_1_20' title="bbox 45 2193 1097 2298; baseline 0.006 -36"><span class='ocrx_word' id='word_1_130' title='bbox 45 2193 156 2268; x_wconf 90' lang='lat' dir='ltr'>tricem</span> <span class='ocrx_word' id='word_1_131' title='bbox 170 2195 266 2276; x_wconf 87' lang='lat' dir='ltr'>suam</span> <span class='ocrx_word' id='word_1_132' title='bbox 283 2199 490 2290; x_wconf 90' lang='lat' dir='ltr'>patientiam</span> <span class='ocrx_word' id='word_1_133' title='bbox 512 2197 691 2294; x_wconf 87' lang='lat' dir='ltr'>praefecit,</span> <span class='ocrx_word' id='word_1_134' title='bbox 719 2195 816 2288; x_wconf 89' lang='lat' dir='ltr'>quod</span> <span class='ocrx_word' id='word_1_135' title='bbox 830 2219 872 2298; x_wconf 84' lang='lat' dir='ltr'>ea</span> <span class='ocrx_word' id='word_1_136' title='bbox 888 2193 962 2268; x_wconf 91' lang='lat' dir='ltr'>sola</span> <span class='ocrx_word' id='word_1_137' title='bbox 980 2197 1023 2268; x_wconf 91' lang='lat' dir='ltr'>ad</span> <span class='ocrx_word' id='word_1_138' title='bbox 1038 2198 1097 2288; x_wconf 88' lang='lat' dir='ltr'>ju-</span> 
     </span>
     <span class='ocr_line' id='line_1_21' title="bbox 43 2287 1134 2381; baseline 0.001 -15"><span class='ocrx_word' id='word_1_139' title='bbox 43 2287 135 2366; x_wconf 80' lang='lat' dir='ltr'>stitia</span> <span class='ocrx_word' id='word_1_140' title='bbox 153 2295 351 2372; x_wconf 62' lang='lat' dir='ltr'>doetrinam</span> <span class='ocrx_word' id='word_1_141' title='bbox 372 2311 474 2372; x_wconf 89' lang='lat' dir='ltr'>retro</span> <span class='ocrx_word' id='word_1_142' title='bbox 494 2293 669 2371; x_wconf 85' lang='lat' dir='ltr'>defuisset.</span> <span class='ocrx_word' id='word_1_143' title='bbox 726 2295 821 2370; x_wconf 90' lang='lat' dir='ltr'>Nam</span> <span class='ocrx_word' id='word_1_144' title='bbox 843 2296 930 2370; x_wconf 90' lang='lat' dir='ltr'>olim</span> <span class='ocrx_word' id='word_1_145' title='bbox 953 2295 1094 2381; x_wconf 17' lang='lat' dir='ltr'>&amp;owcu-</span> <span class='ocrx_word' id='word_1_146' title='bbox 1130 2326 1134 2334; x_wconf 44' lang='lat'>¹</span> 
     </span>
     <span class='ocr_line' id='line_1_22' title="bbox 43 2389 1094 2490; baseline 0.007 -27"><span class='ocrx_word' id='word_1_147' title='bbox 43 2389 109 2465; x_wconf 85' lang='lat' dir='ltr'>lun</span> <span class='ocrx_word' id='word_1_148' title='bbox 124 2417 189 2487; x_wconf 88' lang='lat' dir='ltr'>pro</span> <span class='ocrx_word' id='word_1_149' title='bbox 210 2399 347 2490; x_wconf 91' lang='lat' dir='ltr'>ocul0,</span> <span class='ocrx_word' id='word_1_150' title='bbox 375 2397 409 2471; x_wconf 72' lang='grc' dir='ltr'>ἃ</span> <span class='ocrx_word' id='word_1_151' title='bbox 430 2397 574 2472; x_wconf 86' lang='lat' dir='ltr'>dentem</span> <span class='ocrx_word' id='word_1_152' title='bbox 591 2415 658 2489; x_wconf 84' lang='lat' dir='ltr'>pro</span> <span class='ocrx_word' id='word_1_153' title='bbox 676 2395 1032 2490; x_wconf 82' lang='lat' dir='ltr'>denterepetebant,</span> <span class='ocrx_word' id='word_1_154' title='bbox 1059 2395 1094 2470; x_wconf 76' lang='lat' dir='ltr'>dc</span> 
     </span>
     <span class='ocr_line' id='line_1_23' title="bbox 41 2493 1095 2588; baseline 0.002 -22"><span class='ocrx_word' id='word_1_155' title='bbox 41 2493 161 2568; x_wconf 86' lang='lat' dir='ltr'>malurn</span> <span class='ocrx_word' id='word_1_156' title='bbox 186 2498 282 2572; x_wconf 88' lang='lat' dir='ltr'>malo</span> <span class='ocrx_word' id='word_1_157' title='bbox 306 2495 547 2572; x_wconf 84' lang='lat' dir='ltr'>foenerabant:</span> <span class='ocrx_word' id='word_1_158' title='bbox 576 2497 739 2570; x_wconf 89' lang='lat' dir='ltr'>nondum</span> <span class='ocrx_word' id='word_1_159' title='bbox 757 2497 850 2570; x_wconf 89' lang='lat' dir='ltr'>enim</span> <span class='ocrx_word' id='word_1_160' title='bbox 869 2493 1041 2588; x_wconf 90' lang='lat' dir='ltr'>patientia</span> <span class='ocrx_word' id='word_1_161' title='bbox 1055 2493 1095 2568; x_wconf 88' lang='lat' dir='ltr'>in</span> 
     </span>
     <span class='ocr_line' id='line_1_24' title="bbox 41 2594 1097 2692; baseline -0.005 -26"><span class='ocrx_word' id='word_1_162' title='bbox 41 2595 156 2686; x_wconf 84' lang='lat' dir='ltr'>terris,</span> <span class='ocrx_word' id='word_1_163' title='bbox 177 2601 259 2688; x_wconf 87' lang='lat' dir='ltr'>quia</span> <span class='ocrx_word' id='word_1_164' title='bbox 274 2617 341 2670; x_wconf 82' lang='lat' dir='ltr'>nec</span> <span class='ocrx_word' id='word_1_165' title='bbox 357 2595 464 2672; x_wconf 86' lang='lat' dir='ltr'>lides:</span> <span class='ocrx_word' id='word_1_166' title='bbox 490 2595 625 2671; x_wconf 89' lang='lat' dir='ltr'>scilicet</span> <span class='ocrx_word' id='word_1_167' title='bbox 638 2596 779 2670; x_wconf 87' lang='lat' dir='ltr'>interim</span> <span class='ocrx_word' id='word_1_168' title='bbox 796 2594 1015 2692; x_wconf 87' lang='lat' dir='ltr'>impatientia</span> <span class='ocrx_word' id='word_1_169' title='bbox 1030 2614 1097 2666; x_wconf 75' lang='lat' dir='ltr'>oc·</span> 
     </span>
     <span class='ocr_line' id='line_1_25' title="bbox 42 2691 1189 2793; baseline 0.003 -29"><span class='ocrx_word' id='word_1_170' title='bbox 42 2691 230 2770; x_wconf 79' lang='lat' dir='ltr'>canonibus</span> <span class='ocrx_word' id='word_1_171' title='bbox 257 2699 343 2793; x_wconf 80' lang='lat' dir='ltr'>legis</span> <span class='ocrx_word' id='word_1_172' title='bbox 366 2695 561 2772; x_wconf 86' lang='lat' dir='ltr'>fruebatur.</span> <span class='ocrx_word' id='word_1_173' title='bbox 621 2695 742 2770; x_wconf 88' lang='lat' dir='ltr'>Facile</span> <span class='ocrx_word' id='word_1_174' title='bbox 767 2711 843 2770; x_wconf 86' lang='lat' dir='ltr'>erat</span> <span class='ocrx_word' id='word_1_175' title='bbox 863 2692 1006 2768; x_wconf 90' lang='lat' dir='ltr'>absente</span> <span class='ocrx_word' id='word_1_176' title='bbox 1028 2693 1094 2768; x_wconf 88' lang='lat' dir='ltr'>do·</span> <span class='ocrx_word' id='word_1_177' title='bbox 1185 2693 1189 2702; x_wconf 79' lang='grc'><strong>“</strong></span> 
     </span>
    </p>
   </div>
   <div class='ocr_carea' id='block_1_3' title="bbox 40 2792 1227 2895">
    <p class='ocr_par' dir='ltr' id='par_1_4' title="bbox 40 2792 1227 2895">
     <span class='ocr_line' id='line_1_26' title="bbox 40 2792 1227 2895; baseline 0.002 -29"><span class='ocrx_word' id='word_1_178' title='bbox 40 2792 325 2888; x_wconf 73' lang='grc' dir='ltr'>πιίυορειῑῖεῃῑίεε</span> <span class='ocrx_word' id='word_1_179' title='bbox 343 2797 377 2872; x_wconf 78' lang='lat' dir='ltr'>u</span> <span class='ocrx_word' id='word_1_180' title='bbox 397 2793 572 2895; x_wconf 85' lang='lat' dir='ltr'>magistro.</span> <span class='ocrx_word' id='word_1_181' title='bbox 628 2797 701 2894; x_wconf 90' lang='lat' dir='ltr'>Qui</span> <span class='ocrx_word' id='word_1_182' title='bbox 716 2795 903 2891; x_wconf 91' lang='lat' dir='ltr'>postquam</span> <span class='ocrx_word' id='word_1_183' title='bbox 923 2793 1093 2888; x_wconf 83' lang='lat' dir='ltr'>superve-</span> <span class='ocrx_word' id='word_1_184' title='bbox 1224 2800 1227 2810; x_wconf 87' lang='lat'>&#39;</span> 
     </span>
    </p>
   </div>
   <div class='ocr_carea' id='block_1_4' title="bbox 37 2891 1187 4090">
    <p class='ocr_par' dir='ltr' id='par_1_5' title="bbox 37 2891 1187 4090">
     <span class='ocr_line' id='line_1_27' title="bbox 40 2891 1093 2994; baseline -0.004 -27"><span class='ocrx_word' id='word_1_185' title='bbox 40 2893 110 2986; x_wconf 86' lang='lat' dir='ltr'>uit,</span> <span class='ocrx_word' id='word_1_186' title='bbox 139 2893 343 2994; x_wconf 76' lang='lat' dir='ltr'>&amp;gratiam</span> <span class='ocrx_word' id='word_1_187' title='bbox 369 2891 451 2970; x_wconf 88' lang='lat' dir='ltr'>fidei</span> <span class='ocrx_word' id='word_1_188' title='bbox 474 2895 648 2990; x_wconf 87' lang='lat' dir='ltr'>patientia</span> <span class='ocrx_word' id='word_1_189' title='bbox 671 2893 896 2992; x_wconf 83' lang='lat' dir='ltr'>composuit,</span> <span class='ocrx_word' id='word_1_190' title='bbox 927 2897 1093 2988; x_wconf 81' lang='lat' dir='ltr'>jamnae</span> 
     </span>
     <span class='ocr_line' id='line_1_28' title="bbox 38 2993 1094 3088; baseline 0 -24"><span class='ocrx_word' id='word_1_191' title='bbox 38 2993 151 3081; x_wconf 77' lang='lat' dir='ltr'>¹verbo</span> <span class='ocrx_word' id='word_1_192' title='bbox 181 2996 323 3088; x_wconf 86' lang='lat' dir='ltr'>quidem</span> <span class='ocrx_word' id='word_1_193' title='bbox 349 2995 550 3088; x_wconf 79' lang='lat' dir='ltr'>lacessere,</span> <span class='ocrx_word' id='word_1_194' title='bbox 584 3015 654 3069; x_wconf 91' lang='lat' dir='ltr'>nec</span> <span class='ocrx_word' id='word_1_195' title='bbox 675 2997 771 3087; x_wconf 65' lang='lat' dir='ltr'>farrea</span> <span class='ocrx_word' id='word_1_196' title='bbox 798 2996 939 3088; x_wconf 88' lang='lat' dir='ltr'>quidem</span> <span class='ocrx_word' id='word_1_197' title='bbox 971 2993 1094 3064; x_wconf 83' lang='lat' dir='ltr'>dicere</span> 
     </span>
     <span class='ocr_line' id='line_1_29' title="bbox 37 3087 1093 3190; baseline 0 -26"><span class='ocrx_word' id='word_1_198' title='bbox 37 3087 108 3164; x_wconf 82' lang='lat' dir='ltr'>ine</span> <span class='ocrx_word' id='word_1_199' title='bbox 125 3093 247 3188; x_wconf 87' lang='lat' dir='ltr'>judicii</span> <span class='ocrx_word' id='word_1_200' title='bbox 272 3098 435 3190; x_wconf 89' lang='lat' dir='ltr'>periculo</span> <span class='ocrx_word' id='word_1_201' title='bbox 458 3099 556 3174; x_wconf 88' lang='lat' dir='ltr'>iicet.</span> <span class='ocrx_word' id='word_1_202' title='bbox 618 3093 804 3171; x_wconf 90' lang='lat' dir='ltr'>Prohibita</span> <span class='ocrx_word' id='word_1_203' title='bbox 827 3095 905 3188; x_wconf 87' lang='lat' dir='ltr'>ira,</span> <span class='ocrx_word' id='word_1_204' title='bbox 944 3088 1093 3164; x_wconf 74' lang='lat' dir='ltr'>restriiii</span> 
     </span>
     <span class='ocr_line' id='line_1_30' title="bbox 37 3193 1187 3292; baseline -0.002 -26"><span class='ocrx_word' id='word_1_205' title='bbox 37 3193 161 3287; x_wconf 76' lang='lat' dir='ltr'>amaru,</span> <span class='ocrx_word' id='word_1_206' title='bbox 187 3195 382 3290; x_wconf 86' lang='lat' dir='ltr'>compreffa</span> <span class='ocrx_word' id='word_1_207' title='bbox 396 3196 592 3292; x_wconf 88' lang='lat' dir='ltr'>petulantia</span> <span class='ocrx_word' id='word_1_208' title='bbox 607 3217 750 3290; x_wconf 86' lang='lat' dir='ltr'>manus,</span> <span class='ocrx_word' id='word_1_209' title='bbox 771 3193 1093 3288; x_wconf 78' lang='lat' dir='ltr'>exemtumlinguae</span> <span class='ocrx_word' id='word_1_210' title='bbox 1184 3239 1187 3244; x_wconf 92' lang='lat'>-</span> 
     </span>
     <span class='ocr_line' id='line_1_31' title="bbox 38 3289 1093 3396; baseline 0.005 -34"><span class='ocrx_word' id='word_1_211' title='bbox 38 3307 244 3392; x_wconf 85' lang='lat' dir='ltr'>venenum,</span> <span class='ocrx_word' id='word_1_212' title='bbox 276 3299 355 3391; x_wconf 89' lang='lat' dir='ltr'>plus</span> <span class='ocrx_word' id='word_1_213' title='bbox 377 3298 436 3396; x_wconf 75' lang='lat' dir='ltr'>lex</span> <span class='ocrx_word' id='word_1_214' title='bbox 461 3319 566 3392; x_wconf 84' lang='lat' dir='ltr'>quarn</span> <span class='ocrx_word' id='word_1_215' title='bbox 587 3296 720 3391; x_wconf 79' lang='lat' dir='ltr'>amisit,</span> <span class='ocrx_word' id='word_1_216' title='bbox 753 3295 914 3378; x_wconf 84' lang='lat' dir='ltr'>invenit:</span> <span class='ocrx_word' id='word_1_217' title='bbox 948 3289 1093 3368; x_wconf 87' lang='lat' dir='ltr'>dicente</span> 
     </span>
     <span class='ocr_line' id='line_1_32' title="bbox 39 3385 1093 3494; baseline -0.003 -27"><span class='ocrx_word' id='word_1_218' title='bbox 39 3385 194 3470; x_wconf 73' lang='lat' dir='ltr'>Christo.</span> <span class='ocrx_word' id='word_1_219' title='bbox 228 3401 367 3493; x_wconf 77' lang='lat' dir='ltr'>Diligite</span> <span class='ocrx_word' id='word_1_220' title='bbox 386 3404 530 3470; x_wconf 79' lang='lat' dir='ltr'>inimicos</span> <span class='ocrx_word' id='word_1_221' title='bbox 548 3399 685 3494; x_wconf 72' lang='lat' dir='ltr'>vestros,</span> <span class='ocrx_word' id='word_1_222' title='bbox 711 3395 750 3476; x_wconf 67' lang='grc' dir='ltr'>σ</span> <span class='ocrx_word' id='word_1_223' title='bbox 770 3393 1026 3466; x_wconf 78' lang='lat' dir='ltr'>maledicentibus</span> <span class='ocrx_word' id='word_1_224' title='bbox 1044 3391 1093 3464; x_wconf 82' lang='lat' dir='ltr'>be·</span> 
     </span>
     <span class='ocr_line' id='line_1_33' title="bbox 39 3489 1091 3596; baseline -0.007 -27"><span class='ocrx_word' id='word_1_225' title='bbox 39 3489 187 3568; x_wconf 62' lang='lat' dir='ltr'>emeat.-</span> <span class='ocrx_word' id='word_1_226' title='bbox 211 3501 251 3576; x_wconf 63' lang='grc' dir='ltr'>ἐ]</span> <span class='ocrx_word' id='word_1_227' title='bbox 272 3513 361 3572; x_wconf 76' lang='lat' dir='ltr'>orare</span> <span class='ocrx_word' id='word_1_228' title='bbox 380 3519 438 3596; x_wconf 76' lang='lat' dir='ltr'>pro</span> <span class='ocrx_word' id='word_1_229' title='bbox 456 3498 698 3596; x_wconf 71' lang='lat' dir='ltr'>persecutoribus</span> <span class='ocrx_word' id='word_1_230' title='bbox 722 3499 853 3578; x_wconf 76' lang='lat' dir='ltr'>velitis,</span> <span class='ocrx_word' id='word_1_231' title='bbox 884 3510 922 3564; x_wconf 88' lang='lat' dir='ltr'>ut</span> <span class='ocrx_word' id='word_1_232' title='bbox 932 3493 1005 3582; x_wconf 75' lang='lat' dir='ltr'>filii</span> <span class='ocrx_word' id='word_1_233' title='bbox 1016 3493 1091 3588; x_wconf 72' lang='lat' dir='ltr'>fitis</span> 
     </span>
     <span class='ocr_line' id='line_1_34' title="bbox 37 3594 1092 3698; baseline 0.007 -39"><span class='ocrx_word' id='word_1_234' title='bbox 37 3597 139 3684; x_wconf 76' lang='lat' dir='ltr'>panis</span> <span class='ocrx_word' id='word_1_235' title='bbox 160 3601 258 3698; x_wconf 66' lang='lat' dir='ltr'>vepre·</span> <span class='ocrx_word' id='word_1_236' title='bbox 280 3599 414 3695; x_wconf 75' lang='lat' dir='ltr'>celestis.</span> <span class='ocrx_word' id='word_1_237' title='bbox 465 3597 580 3672; x_wconf 86' lang='lat' dir='ltr'>Vides</span> <span class='ocrx_word' id='word_1_238' title='bbox 608 3617 712 3690; x_wconf 85' lang='lat' dir='ltr'>quern</span> <span class='ocrx_word' id='word_1_239' title='bbox 738 3594 845 3668; x_wconf 83' lang='lat' dir='ltr'>nobie</span> <span class='ocrx_word' id='word_1_240' title='bbox 867 3604 1004 3686; x_wconf 86' lang='lat' dir='ltr'>patrem</span> <span class='ocrx_word' id='word_1_241' title='bbox 1030 3613 1092 3684; x_wconf 91' lang='lat' dir='ltr'>pa·</span> 
     </span>
     <span class='ocr_line' id='line_1_35' title="bbox 39 3685 1170 3794; baseline 0.004 -34"><span class='ocrx_word' id='word_1_242' title='bbox 39 3685 163 3766; x_wconf 86' lang='lat' dir='ltr'>tientia</span> <span class='ocrx_word' id='word_1_243' title='bbox 184 3695 372 3794; x_wconf 75' lang='lat' dir='ltr'>adquirat?</span> <span class='ocrx_word' id='word_1_244' title='bbox 409 3697 494 3774; x_wconf 88' lang='lat' dir='ltr'>Hoc</span> <span class='ocrx_word' id='word_1_245' title='bbox 515 3697 701 3792; x_wconf 83' lang='lat' dir='ltr'>principali</span> <span class='ocrx_word' id='word_1_246' title='bbox 721 3705 903 3791; x_wconf 79' lang='lat' dir='ltr'>precepto</span> <span class='ocrx_word' id='word_1_247' title='bbox 925 3689 1091 3778; x_wconf 78' lang='lat' dir='ltr'>universa</span> <span class='ocrx_word' id='word_1_248' title='bbox 1168 3758 1170 3772; x_wconf 85' lang='grc'><strong>,</strong></span> 
     </span>
     <span class='ocr_line' id='line_1_36' title="bbox 37 3791 1091 3894; baseline -0.008 -25"><span class='ocrx_word' id='word_1_249' title='bbox 37 3791 213 3880; x_wconf 73' lang='lat' dir='ltr'>patientia</span> <span class='ocrx_word' id='word_1_250' title='bbox 232 3799 413 3894; x_wconf 88' lang='lat' dir='ltr'>disciplina</span> <span class='ocrx_word' id='word_1_251' title='bbox 435 3793 611 3872; x_wconf 72' lang='lat' dir='ltr'>succindia</span> <span class='ocrx_word' id='word_1_252' title='bbox 634 3793 710 3891; x_wconf 86' lang='lat' dir='ltr'>est,</span> <span class='ocrx_word' id='word_1_253' title='bbox 745 3793 887 3891; x_wconf 87' lang='lat' dir='ltr'>quando</span> <span class='ocrx_word' id='word_1_254' title='bbox 912 3815 960 3882; x_wconf 80' lang='lat' dir='ltr'>ne</span> <span class='ocrx_word' id='word_1_255' title='bbox 983 3793 1091 3887; x_wconf 77' lang='lat' dir='ltr'>digna</span> 
     </span>
     <span class='ocr_line' id='line_1_37' title="bbox 39 3891 1090 4090; baseline -0.012 -102"><span class='ocrx_word' id='word_1_256' title='bbox 39 3891 176 3988; x_wconf 53' lang='lat' dir='ltr'>iidem</span> <span class='ocrx_word' id='word_1_257' title='bbox 193 3900 404 3983; x_wconf 79' lang='lat' dir='ltr'>malefacere</span> <span class='ocrx_word' id='word_1_258' title='bbox 422 3895 629 4074; x_wconf 57' lang='lat' dir='ltr'>‘miaeffum</span> <span class='ocrx_word' id='word_1_259' title='bbox 641 3893 703 3976; x_wconf 86' lang='lat' dir='ltr'>cst.</span> <span class='ocrx_word' id='word_1_260' title='bbox 724 3899 751 3970; x_wconf 87' lang='grc'>.’</span> <span class='ocrx_word' id='word_1_261' title='bbox 962 3990 982 4090; x_wconf 71' lang='lat' dir='ltr'>J</span> <span class='ocrx_word' id='word_1_262' title='bbox 1085 3964 1090 3975; x_wconf 89' lang='lat'>.</span> 
     </span>
     <span class='ocr_line' id='line_1_38' title="bbox 148 4011 1040 4090; baseline -0.011 -12"><span class='ocrx_word' id='word_1_263' title='bbox 148 4069 152 4078; x_wconf 92' lang='lat'>.</span> <span class='ocrx_word' id='word_1_264' title='bbox 558 4020 580 4074; x_wconf 85' lang='lat'><em>2</em></span> <span class='ocrx_word' id='word_1_265' title='bbox 916 4017 950 4090; x_wconf 84' lang='lat'>7.</span> <span class='ocrx_word' id='word_1_266' title='bbox 984 4011 1040 4068; x_wconf 86' lang='lat' dir='ltr'>am</span> 
     </span>
    </p>
   </div>
   <div class='ocr_carea' id='block_1_5' title="bbox 0 0 1274 4334">
    <p class='ocr_par' dir='ltr' id='par_1_6' title="bbox 0 0 1274 4334">
     <span class='ocr_line' id='line_1_39' title="bbox 0 0 1274 4334; baseline 0 4"><span class='ocrx_word' id='word_1_267' title='bbox 0 0 1274 4334; x_wconf 95' lang='lat' dir='ltr'> </span> 
     </span>
    </p>
   </div>
  </div>
 </body>
</html>
