2638 4342
303 235 370 284 ,.
427 171 807 292 Cenuffnn·
995 189 1133 262 ,γη

177 327 327 428 sequens
344 331 535 425 conjunete
550 333 661 408 docet
678 333 830 434 misteria
843 333 945 430 legit,

116 439 182 526 dite
197 453 303 508 novo
316 429 417 508 Deus
434 455 511 526 quae
525 433 659 510 soedere
675 435 821 508 tradidit
836 453 940 509 unus.

73 529 217 612 Tertius
233 535 393 632 ingenue
400 547 542 632 gentem
560 535 605 608 de
619 549 732 608 mooe
750 551 918 626 creatam,

75 631 227 706 Vatibtu
243 631 277 706 δι
295 633 456 728 patribus
476 633 631 708 sacratos
652 633 720 708 esse
737 633 930 725 ministros,
979 707 981 714 ,

35 797 43 802 .
75 731 177 832 Quos
195 751 347 808 numero
362 735 416 806 bis
432 731 491 806 sex
504 733 549 806 de
566 734 700 808 cuncus
723 733 859 809 Christe
873 729 1016 828 legebat

74 827 255 923 Majorum
268 847 355 906 natu
371 853 452 906 cum
468 833 617 908 nomine
631 847 819 926 tempora,
846 830 944 906 lustri

73 925 256 1026 Tempora
265 931 428 1025 Servati,
453 930 594 1006 sceleris
614 935 671 1006 cui
689 933 806 1028 paruit
820 931 944 1006 auctor

72 1025 242 1126 ignotum
268 1029 453 1128 smelege,
480 1051 611 1128 vegos,
635 1053 717 1112 cum
732 1033 835 1125 prole
852 1029 1005 1106 residue

73 1133 232 1306 guantur
250 1129 369 1224 &ipse
384 1129 496 1204 refert
513 1129 664 1206 obscura
680 1135 818 1226 piaculo
833 1133 921 1225 legis

107 1225 153 1302 ise
167 1245 294 1323 typum
308 1233 463 1324 ueteris,
490 1251 567 1322 quae
588 1233 707 1324 paruit
723 1225 836 1305 hostia
853 1249 957 1323 vere,

73 1327 281 1506 iamdudum
298 1327 483 1424 expectata
497 1331 563 1425 piis
581 1352 661 1404 cum
680 1329 810 1408 semine
827 1327 959 1403 sensio.

114 1429 145 1500 ‘c
163 1429 307 1520 quintus
321 1429 455 1504 multos
473 1449 587 1502 nexus
604 1429 796 1522 nodosque
809 1426 989 1509 resoluit,
1036 1453 1039 1466 ·

28 1575 32 1590 ·
73 1525 271 1622 lupianum
281 1529 374 1602 mala
389 1529 586 1628 convolvit
600 1549 821 1622 quaecunque
835 1529 1006 1603 latebant

74 1623 296 1723 Argumenta
314 1629 479 1722 trahens,
506 1625 659 1700 sednon
679 1627 751 1702 srne
772 1627 860 1709 teste
874 1628 1065 1722 prophete.

72 1725 123 1800 Et
137 1728 297 1821 quamuis
312 1725 433 1800 hostes
447 1729 570 1800 muniti
586 1727 743 1800 fortibus
758 1729 875 1822 armis,

72 1825 290 1918 Vincamus,
309 1837 429 1900 tamen
451 1827 597 1920 illicita,
623 1829 789 1920 polluta,
814 1825 981 1922 nefanda,

72 1921 341 1998 Commaculata
356 1925 476 2020 simul,
502 1925 549 2000 src
562 1925 700 2000 miscuit
715 1927 835 2002 omnia
848 1925 1007 2021 serpens,

71 2023 261 2100 Caecorutn
281 2024 352 2098 fine
366 2025 448 2098 luce
465 2025 582 2120 viam,
609 2029 816 2116 contamine
831 2047 975 2105 rocem.

70 2123 128 2198 Ut
144 2122 227 2216 dum
242 2121 416 2202 fauorem
435 2126 555 2198 mundi
573 2127 823 2200 contendimus
839 2125 951 2220 ipsum

69 2219 153 2298 Rue
172 2221 292 2298 Deum
307 2219 442 2318 solum,
467 2239 591 2298 vatum
612 2247 757 2318 quoque
774 2247 871 2298 voce
891 2225 1070 2321 locutum,

69 2321 311 2422 Ignotumque
327 2325 434 2398 elium
451 2345 650 2415 quenquam
666 2345 741 2398 non
759 2323 828 2398 esse
842 2327 1048 2416 probamus.

71 2421 149 2497 Vix
164 2423 330 2496 mundam
347 2423 501 2519 linguam
520 2422 690 2496 sermonis
706 2427 810 2517 culpa
824 2423 995 2500 reservet.
1141 2472 1145 2480 ·

71 2519 276 2615 Complexo
293 2523 397 2596 vario
414 2539 543 2596 notum
559 2523 642 2598 dum
659 2523 762 2596 laude
783 2522 984 2622 sequentes,
1025 2544 1029 2556 ·

69 2621 337 2718 Culpamusque
350 2623 433 2696 alies
449 2624 563 2718 ignoti
582 2637 745 2716 tempore
762 2621 856 2698 scra:

68 2717 144 2796 Sed
161 2735 299 2818 cogunt
313 2742 381 2795 nos
395 2725 507 2796 multa
526 2721 601 2796 doli
618 2725 740 2796 ceclate
756 2745 912 2816 venena,

68 2817 237 2914 Ancipiti
256 2841 455 2913 quenquam
472 2842 553 2896 cum
572 2823 738 2912 crimine,
764 2825 920 2916 pandere
936 2825 1061 2902 verbu.

123 2943 158 2995 2.
183 2920 274 3020 Quis
294 2940 375 2994 nam
392 2940 480 3019 ergo
497 2917 624 2994 Deus?
650 2943 754 3012 quem
775 2941 902 2994 verum
917 2923 1036 2999 dicitis
1048 2921 1132 3020 effe,
1191 2963 1193 2971 ·

22 3095 23 3102 Ν
66 3016 241 3194 ffnotum
259 3019 427 3113 populis,
454 3019 606 3096 alienum
625 3020 779 3112 denique
795 3019 960 3094 mundo?

22 3193 23 3200 Ν
109 3137 185 3192 unc
201 3137 435 3211 quem-nemo
450 3119 547 3214 prius
562 3135 689 3214 norat,
716 3119 775 3192 hic
793 3119 897 3192 venit
909 3119 953 3194 ab
969 3119 1064 3198 alto:

22 3209 23 3226 ¹
66 3215 105 3294 Si
123 3215 205 3312 sue,
233 3237 297 3290 cur
315 3231 388 3290 tam
402 3217 478 3292 sera
495 3217 614 3311 petit‘?
638 3219 757 3297 sinon
775 3215 856 3310 sua·⁹
882 3241 992 3312 quare

22 3331 23 3414 i
65 3313 127 3392 Ut
140 3317 264 3410 predo
282 3317 398 3414 rapit,
425 3317 648 3414 &populum
669 3319 730 3392 surb
751 3319 829 3414 lege
844 3334 1047 3396 morantem
1074 3355 1078 3364 ·

63 3415 213 3590 &notit
232 3417 344 3490 toties
359 3437 424 3512 per
440 3419 555 3514 legem
571 3421 725 3492 vocibus
740 3415 893 3512 opplet?

92 3515 105 3590 r
120 3511 278 3590 misereri
296 3516 403 3590 etiam
420 3520 549 3607 venit,
576 3517 833 3592 &succurrere
851 3517 1001 3616 cuntds,

62 3609 119 3690 Et
138 3615 303 3688 relevare
319 3616 420 3710 gravi
433 3615 597 3690 devictos
614 3615 740 3690 sunere
754 3617 895 3710 mortis,

64 3711 199 3788 Carnis
213 3713 247 3788 dt
259 3715 429 3788 obscoeno
442 3713 615 3810 spiramen
636 3715 778 3790 solvere
796 3719 935 3808 vinclo,
1150 3795 1155 3806 ,

22 3815 26 3866 i
63 3815 148 3918 Qui
166 3813 358 3893 cohibetur
375 3817 488 3892 homo
502 3817 676 3912 interior,
698 3814 862 3893 concisus
879 3817 1014 3912 inique,
1148 3889 1155 3902 .

23 4003 25 4056 γ
120 3907 439 4014 fimdfima.
688 3904 761 4010 Yy
1009 3915 1083 3994 Cm

23 4119 27 4263 h
182 4141 188 4148 .
