2634 4336
152 191 229 283 390
315 163 1074 286 Q.scemurenftrni‘rveurm

154 343 341 424 nascimur.
371 342 378 404 ἶ
392 341 462 417 Sed
477 343 605 418 &cnm
619 341 770 436 septimo
787 341 1092 423 menternrivitar
1107 341 1219 435 pieria
1310 401 1311 436 2

155 445 230 539 est,
248 443 388 518 facilius
401 465 504 537 quam
520 443 673 536 ottavo,
691 443 870 518 honorem
884 440 1017 515 sabbati
1033 441 1215 537 agnosarn,
1309 515 1311 538 1

156 557 200 622 ttt
212 565 286 638 quo
300 544 356 617 die
369 543 531 618 dedicata
545 541 615 618 Dei
631 543 815 633 conditi0‚
841 561 889 616 eo
901 540 1019 616 mense
1034 542 1215 618 interdurn

157 645 380 740 producatur
394 641 465 716 Dei
479 643 608 738 imago.
655 639 931 716 Conceiiunrest
945 661 1214 736 properarent·

157 745 316 840 tivitati‚
342 742 377 816 dr
393 755 514 818 tamen
530 741 662 816 idonee
680 743 923 816 occurrerem
939 740 1214 835 hebdomadem,

79 879 82 884 ·
157 845 196 918 in
210 841 362 936 auspicia
376 840 659 933 resurrectionis,
677 841 918 934 irrequietis,
938 840 1103 938 &regnir
1128 841 1217 916 ideo

156 944 296 1040 ogdoas
313 963 382 1017 nos
398 955 473 1015 non
488 955 596 1017 creat.
613 937 740 1016 ‘tune
756 943 849 1016 enirn
864 941 997 1034 nuptiae
1008 959 1085 1015 non
1097 955 1215 1028 erunt.

159 1042 379 1116 Societatem
401 1041 514 1114 carnis
538 1055 646 1135 atque
670 1044 792 1116 animae
807 1037 1012 1134 jamdudum
1034 1061 1218 1114 commen-

38 1187 40 1191 *
159 1143 316 1218 ravimus
342 1163 363 1214 a
390 1144 627 1216 concretione
653 1139 822 1216 seminum
846 1137 1003 1235 ipsorum
1029 1159 1142 1231 usque
1170 1138 1219 1213 ad

158 1240 320 1338 figmenti
337 1239 603 1335 perfeetionem.
652 1240 809 1314 Proinde
823 1259 919 1312 nunc
936 1239 971 1312 tc
990 1241 1218 1314 anativitate

160 1341 408 1436 defendimus,
440 1341 608 1434 imprimis
629 1341 727 1434 quod
745 1340 841 1414 simui
862 1335 1051 1432 crescunt,
1082 1333 1143 1412 sed
1166 1340 1218 1412 di-

159 1441 263 1515 versa
275 1443 416 1516 ratione
432 1459 499 1534 pro
515 1459 683 1536 generum
697 1437 930 1532 conditione,
946 1457 1031 1512 caro
1049 1438 1217 1534 modulo,
1242 1517 1245 1522 ,

124 1593 131 1607 .
162 1543 277 1616 anima
291 1541 459 1638 ingenie,
487 1559 572 1612 caro
590 1539 734 1631 habim,
759 1539 872 1612 anima
887 1535 996 1613 sensu.
1045 1537 1218 1613 Ceterum
1287 1573 1291 1581 ·

160 1641 312 1714 animam
335 1637 523 1714 substantia
546 1637 704 1713 creicere
724 1638 922 1737 negandum
945 1636 1020 1730 est,
1043 1657 1089 1710 ne
1108 1639 1218 1712 etiam

162 1738 367 1813 decrescere
390 1737 579 1814 substantia
599 1739 759 1832 dicatur,
791 1751 897 1831 atque
916 1735 1016 1812 ita&
1037 1735 1220 1812 defectura

162 1840 341 1914 credatur.
368 1835 439 1912 Sed
452 1841 507 1910 vis
524 1841 599 1931 ejus
615 1841 652 1912 in
667 1859 735 1930 qua
748 1840 919 1912 neutralia
933 1837 1221 1932 peculiaconsrta
1310 1845 1311 1850 ’

139 1997 140 2000 a
160 1938 387 2032 retinentur,
414 1937 513 2012 salvo
530 1935 726 2012 substantia
740 1938 912 2030 modulo,
936 1957 1010 2028 quo
1029 1957 1051 2008 e
1067 1938 1221 2029 prirnor-

160 2037 225 2112 dio
245 2037 367 2110 inflata
382 2037 452 2132 est,
469 2038 637 2130 paulatim
649 2055 731 2117 etun
747 2057 852 2110 carne
867 2036 1088 2130 producitur.
1122 2031 1222 2110 Cou-

161 2135 269 2212 ssitue
288 2150 424 2212 cerum
442 2137 582 2230 pondus
604 2139 680 2212 auri
699 2139 758 2212 vel
774 2139 933 2234 argenti,
961 2135 1084 2210 rudem
1102 2136 1222 2210 adhuc
1266 2215 1272 2227 ,

161 2233 322 2329 massam,
351 2235 522 2309 collectus
539 2237 763 2329 habitunt,
788 2237 861 2330 illi,
888 2235 1061 2310 &numo
1076 2237 1222 2312 interim

161 2337 307 2428 minor,
333 2347 454 2430 tamen
469 2337 660 2410 continens
679 2337 772 2410 intra
791 2337 920 2410 lineam
940 2335 1077 2409 moduli
1097 2348 1222 2411 toturn

162 2434 265 2527 quod
284 2447 410 2508 natura
428 2435 479 2508 est
500 2437 575 2510 auri
590 2437 651 2510 vel
667 2455 706 2510 ar
732 2437 815 2510 enti.
867 2435 1009 2510 Dehinc
1025 2451 1104 2508 cum
1120 2439 1157 2508 in
1174 2437 1224 2508 ia·

164 2536 294 2629 minam
318 2533 422 2608 maiia
444 2537 605 2629 laxatur,
637 2455 750 2626 mffir
768 2533 921 2608 efficitur
943 2535 1048 2606 initio
1069 2533 1132 2606 suo
1155 2553 1224 2628 per

163 2633 411 2709 dilatationem
433 2637 602 2729 ponderis
627 2638 745 2730 certi,
779 2655 855 2708 non
878 2633 1223 2730 pervrdjeciionem,

161 2731 250 2806 dun
267 2735 494 2828 exrendiurr,
520 2755 597 2808 non
612 2735 694 2832 dum
709 2747 869 2832 augetur.
919 2731 1061 2807 Etusrc
1075 2751 1223 2826 quoque

167 2843 315 2928 augetur
340 2833 421 2907 dum
450 2834 678 2908 extenditur:
710 2835 798 2906 iicet
821 2833 916 2907 enim
938 2833 1061 2906 habitu
1084 2834 1224 2930 augeri,

114 3015 119 3040 ὓ
161 2951 249 3006 curn
262 2927 354 3006 statu
367 2951 445 3006 non
463 2935 559 3009 licet.
609 2931 718 3006 Tunc
732 2935 767 3006 dr
781 2931 948 3026 splendor
961 2933 1034 3026 ipse
1052 2935 1225 3028 provehi·-

162 3044 226 3103 tur
248 3034 322 3104 auri
346 3035 408 3106 vel
427 3034 593 3128 argenti‚=
610 3032 669 3124 qui
691 3031 807 3106 fuerat
825 3033 967 3126 quidem
990 3031 1024 3104 dr
1046 3033 1083 3104 in
1102 3031 1225 3126 maile,

28 3167 32 3189 ·
162 3127 226 3203 'sed
243 3129 449 3224 obscurior,
469 3155 544 3208 non
558 3145 678 3206 tamen
688 3133 819 3208 nulius.
869 3129 978 3206 Tunc
992 3131 1026 3205 dt
1039 3133 1096 3204 alii
1115 3145 1224 3223 atque

167 3231 224 3304 alii
241 3228 382 3304 habitus
400 3232 662 3324 accedunt'pro
682 3231 852 3306 facilitate
866 3233 1045 3323 materiae,
1072 3251 1141 3322 qua
1160 3233 1225 3303 du-

164 3327 264 3400 uerit
283 3349 359 3404 eam
380 3331 439 3422 qui
460 3331 551 3426 agit,
576 3331 664 3404 nihil
686 3331 876 3406 conferens
895 3331 1065 3423 mudule,
1092 3329 1153 3404 nifi
1171 3331 1225 3406 ef·

162 3423 310 3522 figiem
347 3426 403 3502 Ita
421 3427 455 3501 dr
476 3430 597 3504 animae
616 3445 797 3504 crementa
810 3431 1030 3526 reputanda,
1055 3451 1133 3504 non
1147 3429 1226 3504 sub·

163 3524 342 3620 stamma,
366 3525 426 3602 sed
444 3529 698 3622 provocativa.

243 3635 300 3716 38.
328 3629 550 3725 Quamquam
577 3643 696 3706 autern
724 3631 883 3704 &retro
905 3629 1226 3727 praestruxerimus,

162 3725 290 3799 omnia
305 3731 478 3802 naturalia
494 3730 616 3804 anirnae
631 3730 691 3824 ipsi
708 3729 902 3804 substantiae
922 3730 1227 3823 ineiiepertinen·

162 3826 219 3895 tia
240 3823 285 3931 ad
303 3821 439 3902 senum
461 3825 496 3902 dt
521 3827 775 3926 intellectum·
796 3830 829 3903 dr
851 3849 897 3904 er
918 3831 1228 3927 ingenitoanimae

210 3947 219 3963 ·
604 3937 621 4006 t
652 3955 703 3986 *w
1054 3929 1175 4025 censu,
