2572 4336
200 161 247 240 qr
346 141 401 244 Q.r
420 136 556 218 Sira.
579 117 722 220 Fuou.
745 129 1109 224 Teruuastsnr

182 303 274 384 'bne
295 323 385 398 pace
400 298 607 378 receditur?
631 305 867 400 Quaecunque
882 306 987 380 ratio
1002 305 1064 394 sit,
1089 323 1164 382 non
1185 306 1253 393 etit

200 405 326 502 potior
349 405 519 500 precepti
541 400 824 496 obseruatione,
850 425 923 496 quo
938 407 1105 498 jubemur
1119 408 1254 500 J'ejuuis

189 501 321 582 'nostra
337 506 466 578 celare.
516 501 593 597 Jam
609 504 703 576 enim
722 501 767 576 de
781 501 990 578 abstinentia
1004 506 1115 580 osculi
1132 505 1253 604 agnos·

202 605 543 696 cimurjejunantes.
593 599 663 676 Sed
676 600 715 676 u
736 601 843 692 siqua
858 605 950 676 ratio
971 603 1046 698 est,
1071 625 1119 678 ne
1132 619 1251 691 umes

21 721 25 729 ’
145 711 155 733 “
199 703 286 780 huic
306 714 508 796 praeceptor
526 707 569 775 tu'
590 701 657 786 fis,
689 715 796 796 potes
816 701 916 780 donli
938 703 1034 778 forte
1055 705 1148 779 inter
1162 725 1253 796 quos

61 871 64 876 .
201 803 320 876 latere
327 802 499 893 jejunium
513 802 551 874 in
566 812 683 876 totum
704 821 784 876 non
805 800 929 897 datur,
955 802 1100 876 differns
1117 823 1252 897 pacem.

149 923 152 930 ·
201 899 421 993 Ubicunque
439 911 557 974 autern
579 901 662 974 tlibi
681 903 932 994 operationem
950 915 1046 977 tuam
1061 902 1254 980 absconde·

201 1021 242 1078 re
260 1012 390 1094 potes,
403 999 515 1075 debes
526 997 722 1076 meminisse
738 1003 928 1094 precepti:
952 1003 1002 1076 ita
1019 1000 1254 1096 &discipline

103 1189 106 1196 ¹
186 1101 311 1194 ioris,
338 1093 634 1172 &consuetudini
647 1098 745 1180 domi
761 1097 962 1176 sbtisfacies.
988 1099 1045 1174 Sic
1060 1099 1093 1174 dt
1109 1101 1166 1176 dic
1182 1103 1254 1178 Pas·

202 1200 279 1276 chae
294 1218 368 1290 quo
384 1195 629 1272 communis&
645 1197 742 1290 qussi
753 1200 1028 1292 publicajejuoii
1042 1201 1169 1296 religio
1191 1203 1265 1296 eil„

200 1301 332 1380 merito
347 1297 562 1391 deponimus
578 1295 758 1385 osculum3
784 1297 872 1372 nihil
887 1311 1052 1372 curantes
1069 1299 1114 1372 de
1132 1306 1265 1376 occul-⁷

97 1471 102 1480 ,
201 1398 315 1476 tando
342 1397 441 1490 quod
464 1415 550 1470 cum
578 1398 745 1470 omnibus
777 1397 959 1474 faciamus.
1010 1399 1180 1474 Similiter
1211 1403 1265 1481 de

198 1495 557 1586 {lenonumdiebun
589 1513 667 1570 non
684 1509 813 1590 putant
826 1497 987 1592 plerique
1003 1493 1265 1580 laodiciorum

129 1592 138 1623 ¹
200 1595 428 1673 orationibus
452 1595 789 1690 interveniendum,
825 1597 923 1688 quod
951 1595 1056 1674 statio
1084 1596 1255 1679 solvende

198 1697 267 1789 stt,
293 1707 448 1790 accepto
469 1715 626 1788 corpore
643 1693 805 1772 Domini.
855 1691 952 1791 Ergo
978 1697 1156 1773 devotum
1171 1698 1254 1776 Deo

200 1791 412 1890 obsequium
434 1789 644 1868 eucharistia
666 1793 835 1871 resolvit,
852 1813 897 1866 an
922 1798 1033 1892 magis
1055 1795 1141 1871 Deo
1167 1803 1265 1874 obli-³

223 1892 284 1970 ati
307 1893 447 1969 Nonne
462 1891 647 1966 solennior
669 1895 738 1966 erit
754 1891 858 1966 statio
880 1906 963 1986 tua,
986 1895 1012 1970 s1
1040 1895 1073 1968 dt
1096 1895 1256 1978 adaram

197 1914 271 2072 fles
284 1989 448 2068 steteris?
473 1990 644 2085 Accepto
670 2012 827 2086 corpore
844 1992 981 2068 domini
995 1994 1032 2066 1&
1048 1997 1256 2090 reservato,

198 2085 626 2184 omenque-salvusne&
646 2088 916 2186 &participatio
926 2091 1099 2187 sacrificii,
1125 2095 1160 2168 dt
1179 2107 1265 2170 exos

152 2249 154 2253 ι
198 2195 301 2272 cutio
323 2191 445 2266 officii.
477 2188 513 2264 sl
527 2187 632 2263 statio
654 2189 700 2263 de
712 2191 855 2266 militari
868 2194 1035 2287 exemplo
1050 2213 1192 2270 nomen
1206 2216 1255 2272 at·

199 2293 289 2390 cipit
305 2288 411 2387 (nrm
430 2288 463 2364 dt
480 2290 607 2366 militia
635 2287 706 2362 Dei
724 2289 863 2464 sumu?
880 2293 1004 2384 utique
1020 2297 1118 2368 nulla
1132 2295 1255 2370 laetitis

197 2397 273 2472 ive
291 2388 428 2468 tristitia
446 2389 651 2466 obveniens
667 2386 807 2483 castris,
858 2392 998 2464 stiones
1013 2394 1169 2468 militum
1189 2393 1265 2476 sei-i

198 2491 323 2569 ernust
372 2487 470 2564 Nan
489 2489 616 2564 nutu
631 2489 822 2585 supensus,
847 2488 985 2568 sistitis
998 2489 1191 2571 forneuous
1207 2479 1265 2570 as*

112 2647 118 2661 .
159 2595 165 2605 '
198 2589 410 2670 ministrabit
422 2586 658 2682 disciplinam.
977 2665 983 2674 ,

101 2696 106 2705 “
207 2719 213 2728 ‚
278 2709 333 2784 15.
361 2687 420 2762 De
446 2687 572 2762 habitu
592 2707 686 2774 verow
708 2688 881 2764 duntaxat
905 2687 1116 2766 seminarum
1142 2698 1257 2772 varic·

197 2805 253 2868 tas
289 2785 553 2866 observationis
583 2784 695 2860 efficit
724 2787 806 2882 post
832 2787 1069 2867 smnilnnun
1098 2791 1257 2886 Aposto-

40 2955 44 2962 ,
197 2895 274 2970 lum
293 2907 363 2964 nos
384 2887 445 2960 vel
467 2887 618 2962 maxime
641 2885 774 2960 nullius
791 2889 866 2960 loci
880 2891 1045 2966 homines
1067 2892 1257 2986 impudens

197 2982 599 3075 tortuosissimis
631 2987 730 3078 quod
762 3007 839 3060 non
863 2989 1117 3082 impudenter,
1151 2993 1182 3067 si
1215 2995 1257 3068 se

199 3090 357 3170 eundum
377 3083 595 3180 Apostolum
619 3085 859 3163 cenassemus.
909 3087 969 3162 De
992 3085 1173 3166 modestia
1189 3096 1265 3186 qui

197 3191 281 3266 ders
305 3189 423 3260 cultus
449 3183 483 3258 dt
509 3195 657 3258 ornatus
682 3199 803 3278 aperta
823 3185 1040 3280 prescriptio
1067 3187 1121 3261 est
1147 3195 1260 3270 etiam

195 3287 314 3380 Petri,
337 3285 542 3360 cohibentis
560 3283 690 3357 eodem
709 3305 792 3375 ore,
818 3288 899 3376 quia
917 3288 1048 3364 eodem
1072 3287 1106 3360 u
1132 3290 1261 3384 spiritu

197 3391 272 3482 quo
291 3385 420 3460 Paulus
442 3381 476 3456 dt
497 3381 648 3458 uestium
674 3383 823 3478 gloriam
850 3381 885 3456 dt
909 3391 982 3460 auri
1003 3385 1262 3482 superbiam&

197 3487 347 3563 minium
367 3487 539 3572 lenonem
562 3481 828 3576 operositatem.
855 3483 924 3557 Sed
942 3486 1026 3578 quid
1050 3491 1264 3582 promiscue

196 3585 410 3662 observetur
427 3604 491 3678 per
510 3582 674 3656 ecclesus
700 3581 794 3673 quasi
813 3585 991 3665 incertum
1010 3586 1045 3658 id
1063 3587 1264 3664 retraetari·

195 3683 373 3778 tumen,
399 3681 559 3758 velarine
579 3681 736 3756 debeant
755 3681 943 3778 Virgines,
970 3705 1015 3756 an
1036 3707 1128 3765 non.
1188 3689 1265 3785 Qui

194 3780 712 3884 ninvirqinibusiudugeut
726 3781 854 3884 capitis
870 3783 1158 3888 immunipatem,
1188 3789 1265 3865 laos

66 3899 70 3908 “
257 3913 267 3951 s
784 3929 791 3943 ·
1138 3889 1222 3970 uiti
