<?xml version="1.0" encoding="UTF-8"?>
<!DOCTYPE html PUBLIC "-//W3C//DTD XHTML 1.0 Transitional//EN"
    "http://www.w3.org/TR/xhtml1/DTD/xhtml1-transitional.dtd">
<html xmlns="http://www.w3.org/1999/xhtml" xml:lang="en" lang="en">
 <head>
  <title>
</title>
<meta http-equiv="Content-Type" content="text/html;charset=utf-8" />
  <meta name='ocr-system' content='tesseract 3.04.00' />
  <meta name='ocr-capabilities' content='ocr_page ocr_carea ocr_par ocr_line ocrx_word'/>
</head>
<body>
  <div class='ocr_page' id='page_1' title='image "./operaomnia00tertgoog/operaomnia00tertgoog_0533.png"; bbox 0 0 2596 4336; ppageno 0'>
   <div class='ocr_carea' id='block_1_1' title="bbox 326 175 1119 294">
    <p class='ocr_par' dir='ltr' id='par_1_1' title="bbox 326 175 1119 294">
     <span class='ocr_line' id='line_1_1' title="bbox 326 175 1119 294; baseline 0.003 -30"><span class='ocrx_word' id='word_1_1' title='bbox 326 205 387 268; x_wconf 76' lang='lat' dir='ltr'>ut</span> <span class='ocrx_word' id='word_1_2' title='bbox 420 207 583 274; x_wconf 72' lang='lat' dir='ltr'>entur</span> <span class='ocrx_word' id='word_1_3' title='bbox 610 185 853 266; x_wconf 41' lang='lat' dir='ltr'>senniarii</span> <span class='ocrx_word' id='word_1_4' title='bbox 929 175 979 260; x_wconf 59' lang='grc' dir='ltr'>,Ψ</span> <span class='ocrx_word' id='word_1_5' title='bbox 1042 195 1119 294; x_wconf 75' lang='lat'>&#39;515</span> 
     </span>
    </p>
   </div>
   <div class='ocr_carea' id='block_1_2' title="bbox 11 345 1291 2150">
    <p class='ocr_par' dir='ltr' id='par_1_2' title="bbox 43 345 1291 1844">
     <span class='ocr_line' id='line_1_2' title="bbox 44 345 1291 444; baseline 0 -14"><span class='ocrx_word' id='word_1_6' title='bbox 44 345 455 444; x_wconf 68' lang='lat' dir='ltr'>manuducentem,</span> <span class='ocrx_word' id='word_1_7' title='bbox 486 369 730 429; x_wconf 81' lang='lat' dir='ltr'>non-carnem</span> <span class='ocrx_word' id='word_1_8' title='bbox 749 349 1123 444; x_wconf 79' lang='lat' dir='ltr'>peccati&#39;evacuat&#39;tm</span> <span class='ocrx_word' id='word_1_9' title='bbox 1148 373 1150 378; x_wconf 87' lang='grc'><em>·</em></span> <span class='ocrx_word' id='word_1_10' title='bbox 1290 347 1291 356; x_wconf 65' lang='lat'><em>&#39;</em></span> 
     </span>
     <span class='ocr_line' id='line_1_3' title="bbox 48 445 1276 548; baseline 0.005 -24"><span class='ocrx_word' id='word_1_11' title='bbox 48 449 121 532; x_wconf 75' lang='lat' dir='ltr'>effe</span> <span class='ocrx_word' id='word_1_12' title='bbox 137 449 176 524; x_wconf 90' lang='lat' dir='ltr'>in</span> <span class='ocrx_word' id='word_1_13' title='bbox 194 447 358 546; x_wconf 79' lang='lat' dir='ltr'>Christo,</span> <span class='ocrx_word' id='word_1_14' title='bbox 384 449 443 530; x_wconf 86' lang='lat' dir='ltr'>sed</span> <span class='ocrx_word' id='word_1_15' title='bbox 463 467 651 546; x_wconf 85' lang='lat' dir='ltr'>peccatum</span> <span class='ocrx_word' id='word_1_16' title='bbox 672 453 804 526; x_wconf 10' lang='lat' dir='ltr'>eternis:</span> <span class='ocrx_word' id='word_1_17' title='bbox 830 472 906 526; x_wconf 91' lang='lat' dir='ltr'>non</span> <span class='ocrx_word' id='word_1_18' title='bbox 920 454 1119 548; x_wconf 80' lang='lat' dir='ltr'>materiam,</span> <span class='ocrx_word' id='word_1_19' title='bbox 1268 445 1276 466; x_wconf 74' lang='lat'><em>¹</em></span> 
     </span>
     <span class='ocr_line' id='line_1_4' title="bbox 47 549 1121 646; baseline -0.002 -19"><span class='ocrx_word' id='word_1_20' title='bbox 47 549 109 628; x_wconf 77' lang='lat' dir='ltr'>l&#39;ed</span> <span class='ocrx_word' id='word_1_21' title='bbox 131 564 316 626; x_wconf 87' lang='lat' dir='ltr'>naturam:</span> <span class='ocrx_word' id='word_1_22' title='bbox 348 569 417 626; x_wconf 89' lang='lat' dir='ltr'>nec</span> <span class='ocrx_word' id='word_1_23' title='bbox 437 549 685 644; x_wconf 83' lang='lat' dir='ltr'>substantiam,</span> <span class='ocrx_word' id='word_1_24' title='bbox 720 551 779 624; x_wconf 89' lang='lat' dir='ltr'>sed</span> <span class='ocrx_word' id='word_1_25' title='bbox 804 553 962 646; x_wconf 79' lang='lat' dir='ltr'>cnlpam3</span> <span class='ocrx_word' id='word_1_26' title='bbox 997 551 1121 627; x_wconf 76' lang='lat' dir='ltr'>secum</span> 
     </span>
     <span class='ocr_line' id='line_1_5' title="bbox 45 649 1121 750; baseline -0.002 -24"><span class='ocrx_word' id='word_1_27' title='bbox 45 651 136 726; x_wconf 85' lang='lat' dir='ltr'>dum</span> <span class='ocrx_word' id='word_1_28' title='bbox 154 649 327 746; x_wconf 88' lang='lat' dir='ltr'>Apostoli</span> <span class='ocrx_word' id='word_1_29' title='bbox 341 649 589 724; x_wconf 63' lang='lat' dir='ltr'>autoritatem</span> <span class='ocrx_word' id='word_1_30' title='bbox 608 651 780 726; x_wconf 85' lang='lat' dir='ltr'>dicentis:</span> <span class='ocrx_word' id='word_1_31' title='bbox 817 655 1003 724; x_wconf 73' lang='lat' dir='ltr'><em>Evacuavit</em></span> <span class='ocrx_word' id='word_1_32' title='bbox 1016 675 1121 750; x_wconf 82' lang='lat' dir='ltr'>pacta·</span> 
     </span>
     <span class='ocr_line' id='line_1_6' title="bbox 48 749 1266 850; baseline 0.004 -30"><span class='ocrx_word' id='word_1_33' title='bbox 48 765 123 828; x_wconf 70' lang='lat' dir='ltr'>nm</span> <span class='ocrx_word' id='word_1_34' title='bbox 147 755 186 822; x_wconf 84' lang='lat' dir='ltr'>t&#39;n</span> <span class='ocrx_word' id='word_1_35' title='bbox 209 775 311 822; x_wconf 78' lang='lat' dir='ltr'>carne.</span> <span class='ocrx_word' id='word_1_36' title='bbox 360 750 456 826; x_wconf 88' lang='lat' dir='ltr'>Nam</span> <span class='ocrx_word' id='word_1_37' title='bbox 481 749 635 826; x_wconf 75' lang='lat' dir='ltr'>&amp;adibit</span> <span class='ocrx_word' id='word_1_38' title='bbox 667 755 703 822; x_wconf 84' lang='lat' dir='ltr'>t&#39;n</span> <span class='ocrx_word' id='word_1_39' title='bbox 719 753 953 850; x_wconf 57' lang='lat' dir='ltr'>militarunt,</span> <span class='ocrx_word' id='word_1_40' title='bbox 988 753 1118 847; x_wconf 83' lang='lat' dir='ltr'>inquit,</span> <span class='ocrx_word' id='word_1_41' title='bbox 1145 815 1149 843; x_wconf 69' lang='grc'><strong>,</strong></span> <span class='ocrx_word' id='word_1_42' title='bbox 1263 831 1266 838; x_wconf 60' lang='grc'><em>,</em></span> 
     </span>
     <span class='ocr_line' id='line_1_7' title="bbox 43 847 1198 950; baseline 0.005 -26"><span class='ocrx_word' id='word_1_43' title='bbox 43 855 159 924; x_wconf 66' lang='lat' dir='ltr'>⁴claritis</span> <span class='ocrx_word' id='word_1_44' title='bbox 175 856 296 950; x_wconf 72' lang='lat' dir='ltr'>peccari</span> <span class='ocrx_word' id='word_1_45' title='bbox 312 847 415 927; x_wconf 81' lang='lat' dir='ltr'>fuiffe</span> <span class='ocrx_word' id='word_1_46' title='bbox 433 847 626 925; x_wconf 85' lang='lat' dir='ltr'>Christum:</span> <span class='ocrx_word' id='word_1_47' title='bbox 651 871 729 926; x_wconf 91' lang='lat' dir='ltr'>non</span> <span class='ocrx_word' id='word_1_48' title='bbox 744 851 843 946; x_wconf 92' lang='lat' dir='ltr'>quod</span> <span class='ocrx_word' id='word_1_49' title='bbox 859 853 1120 926; x_wconf 81' lang='lat' dir='ltr'>fimilitudinem</span> <span class='ocrx_word' id='word_1_50' title='bbox 1164 900 1169 909; x_wconf 95' lang='lat'>-</span> <span class='ocrx_word' id='word_1_51' title='bbox 1193 921 1198 930; x_wconf 93' lang='lat'>.</span> 
     </span>
     <span class='ocr_line' id='line_1_8' title="bbox 49 949 1182 1052; baseline -0.001 -27"><span class='ocrx_word' id='word_1_52' title='bbox 49 949 171 1026; x_wconf 72' lang='lat' dir='ltr'>earnis</span> <span class='ocrx_word' id='word_1_53' title='bbox 194 951 404 1044; x_wconf 81' lang='lat' dir='ltr'>acceperit,</span> <span class='ocrx_word' id='word_1_54' title='bbox 437 951 531 1042; x_wconf 84' lang='lat' dir='ltr'>quast</span> <span class='ocrx_word' id='word_1_55' title='bbox 552 952 741 1048; x_wconf 78' lang='lat' dir='ltr'><strong>imaginem</strong></span> <span class='ocrx_word' id='word_1_56' title='bbox 765 953 958 1046; x_wconf 86' lang='lat' dir='ltr'>corporis,</span> <span class='ocrx_word' id='word_1_57' title='bbox 990 952 1119 1025; x_wconf 86' lang='lat' dir='ltr'>&amp;non</span> <span class='ocrx_word' id='word_1_58' title='bbox 1177 1031 1182 1052; x_wconf 20' lang='lat' dir='ltr'>x</span> 
     </span>
     <span class='ocr_line' id='line_1_9' title="bbox 49 1049 1120 1145; baseline -0.002 -19"><span class='ocrx_word' id='word_1_59' title='bbox 49 1049 267 1126; x_wconf 82' lang='lat' dir='ltr'>veritatem:</span> <span class='ocrx_word' id='word_1_60' title='bbox 300 1049 360 1126; x_wconf 89' lang='lat' dir='ltr'>sed</span> <span class='ocrx_word' id='word_1_61' title='bbox 382 1049 643 1126; x_wconf 86' lang='lat' dir='ltr'>fimilitudinem</span> <span class='ocrx_word' id='word_1_62' title='bbox 662 1051 1014 1145; x_wconf 81' lang='lat' dir='ltr'>peccatricis-earnis</span> <span class='ocrx_word' id='word_1_63' title='bbox 1036 1053 1120 1125; x_wconf 88' lang='lat' dir='ltr'>vult</span> 
     </span>
     <span class='ocr_line' id='line_1_10' title="bbox 47 1147 1119 1248; baseline -0.005 -20"><span class='ocrx_word' id='word_1_64' title='bbox 47 1149 215 1248; x_wconf 76' lang='lat' dir='ltr'>intelligi.</span> <span class='ocrx_word' id='word_1_65' title='bbox 265 1149 378 1247; x_wconf 89' lang='lat' dir='ltr'>Quod</span> <span class='ocrx_word' id='word_1_66' title='bbox 398 1147 470 1242; x_wconf 86' lang='lat' dir='ltr'>ipsa</span> <span class='ocrx_word' id='word_1_67' title='bbox 488 1171 564 1224; x_wconf 91' lang='lat' dir='ltr'>non</span> <span class='ocrx_word' id='word_1_68' title='bbox 588 1153 772 1243; x_wconf 79' lang='lat' dir='ltr'>peccatrix</span> <span class='ocrx_word' id='word_1_69' title='bbox 791 1171 877 1226; x_wconf 82' lang='lat' dir='ltr'>cero</span> <span class='ocrx_word' id='word_1_70' title='bbox 895 1151 1023 1226; x_wconf 88' lang='lat' dir='ltr'>Christi</span> <span class='ocrx_word' id='word_1_71' title='bbox 1042 1151 1119 1242; x_wconf 81' lang='lat' dir='ltr'>ejus</span> 
     </span>
     <span class='ocr_line' id='line_1_11' title="bbox 49 1243 1118 1348; baseline 0.001 -25"><span class='ocrx_word' id='word_1_72' title='bbox 49 1249 233 1344; x_wconf 75' lang='lat' dir='ltr'>lantper,</span> <span class='ocrx_word' id='word_1_73' title='bbox 257 1250 367 1344; x_wconf 77' lang='lat' dir='ltr'>cujus</span> <span class='ocrx_word' id='word_1_74' title='bbox 392 1262 468 1323; x_wconf 85' lang='lat' dir='ltr'>erat</span> <span class='ocrx_word' id='word_1_75' title='bbox 488 1265 703 1344; x_wconf 64' lang='lat' dir='ltr'>peccalum,</span> <span class='ocrx_word' id='word_1_76' title='bbox 734 1271 888 1348; x_wconf 75' lang='lat' dir='ltr'>genere,</span> <span class='ocrx_word' id='word_1_77' title='bbox 921 1273 999 1324; x_wconf 90' lang='lat' dir='ltr'>non</span> <span class='ocrx_word' id='word_1_78' title='bbox 1022 1243 1118 1324; x_wconf 89' lang='lat' dir='ltr'>vitio</span> 
     </span>
     <span class='ocr_line' id='line_1_12' title="bbox 49 1341 1120 1470; baseline -0.006 -42"><span class='ocrx_word' id='word_1_79' title='bbox 49 1349 165 1428; x_wconf 79' lang='lat' dir='ltr'>Adae:</span> <span class='ocrx_word' id='word_1_80' title='bbox 190 1349 333 1442; x_wconf 85' lang='lat' dir='ltr'>quando</span> <span class='ocrx_word' id='word_1_81' title='bbox 349 1349 434 1424; x_wconf 92' lang='lat' dir='ltr'>hinc</span> <span class='ocrx_word' id='word_1_82' title='bbox 448 1351 554 1424; x_wconf 85' lang='lat' dir='ltr'>etiam</span> <span class='ocrx_word' id='word_1_83' title='bbox 569 1341 821 1426; x_wconf 84' lang='lat' dir='ltr'>confirmamus</span> <span class='ocrx_word' id='word_1_84' title='bbox 838 1375 916 1426; x_wconf 87' lang='lat' dir='ltr'>eam</span> <span class='ocrx_word' id='word_1_85' title='bbox 931 1345 1120 1470; x_wconf 50' lang='lat' dir='ltr'>ffiiffescar·</span> 
     </span>
     <span class='ocr_line' id='line_1_13' title="bbox 50 1447 1121 1543; baseline -0.006 -15"><span class='ocrx_word' id='word_1_86' title='bbox 50 1471 138 1528; x_wconf 82' lang='lat' dir='ltr'>nem</span> <span class='ocrx_word' id='word_1_87' title='bbox 165 1449 203 1524; x_wconf 92' lang='lat' dir='ltr'>in</span> <span class='ocrx_word' id='word_1_88' title='bbox 227 1447 393 1543; x_wconf 83' lang='lat' dir='ltr'>Christo,</span> <span class='ocrx_word' id='word_1_89' title='bbox 420 1451 520 1542; x_wconf 85' lang='lat' dir='ltr'>cujus</span> <span class='ocrx_word' id='word_1_90' title='bbox 542 1461 671 1524; x_wconf 83' lang='lat' dir='ltr'>natura</span> <span class='ocrx_word' id='word_1_91' title='bbox 692 1450 743 1524; x_wconf 87' lang='lat' dir='ltr'>est</span> <span class='ocrx_word' id='word_1_92' title='bbox 766 1453 804 1524; x_wconf 91' lang='lat' dir='ltr'>in</span> <span class='ocrx_word' id='word_1_93' title='bbox 822 1449 1121 1542; x_wconf 85' lang='lat' dir='ltr'>honlinepecca·</span> 
     </span>
     <span class='ocr_line' id='line_1_14' title="bbox 51 1545 1122 1646; baseline 0 -20"><span class='ocrx_word' id='word_1_94' title='bbox 51 1551 137 1626; x_wconf 76' lang='lat' dir='ltr'>trix.</span> <span class='ocrx_word' id='word_1_95' title='bbox 196 1545 247 1622; x_wconf 82' lang='lat' dir='ltr'>Et</span> <span class='ocrx_word' id='word_1_96' title='bbox 267 1550 315 1624; x_wconf 86' lang='lat' dir='ltr'>fic</span> <span class='ocrx_word' id='word_1_97' title='bbox 338 1550 374 1622; x_wconf 88' lang='lat' dir='ltr'>in</span> <span class='ocrx_word' id='word_1_98' title='bbox 395 1549 663 1642; x_wconf 73' lang='lat' dir='ltr'>illepeccatum</span> <span class='ocrx_word' id='word_1_99' title='bbox 683 1565 922 1629; x_wconf 85' lang='lat' dir='ltr'>evacuatum:</span> <span class='ocrx_word' id='word_1_100' title='bbox 959 1547 1057 1642; x_wconf 88' lang='lat' dir='ltr'>quod</span> <span class='ocrx_word' id='word_1_101' title='bbox 1082 1551 1122 1646; x_wconf 81' lang='lat' dir='ltr'>jn</span> 
     </span>
     <span class='ocr_line' id='line_1_15' title="bbox 53 1647 1122 1742; baseline 0.002 -20"><span class='ocrx_word' id='word_1_102' title='bbox 53 1647 200 1722; x_wconf 76' lang='lat' dir='ltr'>Christo</span> <span class='ocrx_word' id='word_1_103' title='bbox 217 1649 290 1724; x_wconf 84' lang='lat' dir='ltr'>line</span> <span class='ocrx_word' id='word_1_104' title='bbox 311 1663 466 1742; x_wconf 88' lang='lat' dir='ltr'>peccato</span> <span class='ocrx_word' id='word_1_105' title='bbox 486 1649 683 1741; x_wconf 86' lang='lat' dir='ltr'>habeatur,</span> <span class='ocrx_word' id='word_1_106' title='bbox 719 1669 796 1741; x_wconf 82' lang='lat' dir='ltr'>quae</span> <span class='ocrx_word' id='word_1_107' title='bbox 819 1650 857 1725; x_wconf 89' lang='lat' dir='ltr'>in</span> <span class='ocrx_word' id='word_1_108' title='bbox 880 1652 1027 1724; x_wconf 84' lang='lat' dir='ltr'>homine</span> <span class='ocrx_word' id='word_1_109' title='bbox 1046 1651 1122 1724; x_wconf 83' lang='lat' dir='ltr'>stne</span> 
     </span>
     <span class='ocr_line' id='line_1_16' title="bbox 51 1745 1176 1844; baseline 0.005 -24"><span class='ocrx_word' id='word_1_110' title='bbox 51 1766 211 1844; x_wconf 83' lang='lat' dir='ltr'>peccato</span> <span class='ocrx_word' id='word_1_111' title='bbox 231 1771 304 1824; x_wconf 90' lang='lat' dir='ltr'>non</span> <span class='ocrx_word' id='word_1_112' title='bbox 320 1750 532 1824; x_wconf 83' lang='lat' dir='ltr'>habebatur.</span> <span class='ocrx_word' id='word_1_113' title='bbox 583 1745 678 1822; x_wconf 87' lang='lat' dir='ltr'>Nam</span> <span class='ocrx_word' id='word_1_114' title='bbox 698 1769 817 1841; x_wconf 87' lang='lat' dir='ltr'>neque</span> <span class='ocrx_word' id='word_1_115' title='bbox 834 1750 878 1824; x_wconf 86' lang='lat' dir='ltr'>ad</span> <span class='ocrx_word' id='word_1_116' title='bbox 894 1750 1121 1844; x_wconf 82' lang='lat' dir='ltr'>propositum</span> <span class='ocrx_word' id='word_1_117' title='bbox 1169 1745 1176 1766; x_wconf 93' lang='lat'><em>&#39;</em></span> 
     </span>
    </p>

    <p class='ocr_par' dir='ltr' id='par_1_3' title="bbox 11 1843 1123 2150">
     <span class='ocr_line' id='line_1_17' title="bbox 11 1843 1123 1944; baseline 0.003 -22"><span class='ocrx_word' id='word_1_118' title='bbox 11 1922 19 1936; x_wconf 81' lang='grc'><strong><em>,</em></strong></span> <span class='ocrx_word' id='word_1_119' title='bbox 53 1846 185 1922; x_wconf 85' lang='lat' dir='ltr'>Christi</span> <span class='ocrx_word' id='word_1_120' title='bbox 209 1843 347 1924; x_wconf 84' lang='lat' dir='ltr'>faceret</span> <span class='ocrx_word' id='word_1_121' title='bbox 367 1849 577 1924; x_wconf 76' lang='lat' dir='ltr'>evacuantis</span> <span class='ocrx_word' id='word_1_122' title='bbox 601 1863 788 1941; x_wconf 80' lang='lat' dir='ltr'>peceatum</span> <span class='ocrx_word' id='word_1_123' title='bbox 809 1853 953 1944; x_wconf 85' lang='lat' dir='ltr'>carnis,</span> <span class='ocrx_word' id='word_1_124' title='bbox 986 1849 1123 1925; x_wconf 87' lang='lat' dir='ltr'>nonin</span> 
     </span>
     <span class='ocr_line' id='line_1_18' title="bbox 54 1949 1120 2054; baseline 0 -30"><span class='ocrx_word' id='word_1_125' title='bbox 54 1969 99 2024; x_wconf 84' lang='lat' dir='ltr'>ea</span> <span class='ocrx_word' id='word_1_126' title='bbox 120 1967 230 2022; x_wconf 84' lang='lat' dir='ltr'>carne</span> <span class='ocrx_word' id='word_1_127' title='bbox 246 1965 424 2023; x_wconf 84' lang='lat' dir='ltr'>evacuate</span> <span class='ocrx_word' id='word_1_128' title='bbox 443 1949 559 2042; x_wconf 85' lang='lat' dir='ltr'>illud,</span> <span class='ocrx_word' id='word_1_129' title='bbox 585 1949 622 2022; x_wconf 91' lang='lat' dir='ltr'>in</span> <span class='ocrx_word' id='word_1_130' title='bbox 638 1969 707 2040; x_wconf 89' lang='lat' dir='ltr'>qua</span> <span class='ocrx_word' id='word_1_131' title='bbox 722 1963 799 2054; x_wconf 64' lang='lat' dir='ltr'>erat</span> <span class='ocrx_word' id='word_1_132' title='bbox 817 1965 945 2026; x_wconf 83' lang='lat' dir='ltr'>natura</span> <span class='ocrx_word' id='word_1_133' title='bbox 963 1949 1120 2046; x_wconf 85' lang='lat' dir='ltr'>peccati,</span> 
     </span>
     <span class='ocr_line' id='line_1_19' title="bbox 52 2046 1123 2150; baseline 0.002 -28"><span class='ocrx_word' id='word_1_134' title='bbox 52 2067 175 2142; x_wconf 85' lang='lat' dir='ltr'>neque</span> <span class='ocrx_word' id='word_1_135' title='bbox 193 2049 236 2122; x_wconf 88' lang='lat' dir='ltr'>ad</span> <span class='ocrx_word' id='word_1_136' title='bbox 255 2047 415 2146; x_wconf 75' lang='lat' dir='ltr'>gloriam.</span> <span class='ocrx_word' id='word_1_137' title='bbox 471 2046 569 2150; x_wconf 88' lang='lat' dir='ltr'>Quid</span> <span class='ocrx_word' id='word_1_138' title='bbox 586 2051 681 2124; x_wconf 88' lang='lat' dir='ltr'>enirn</span> <span class='ocrx_word' id='word_1_139' title='bbox 697 2069 885 2148; x_wconf 83' lang='lat' dir='ltr'>magnum,</span> <span class='ocrx_word' id='word_1_140' title='bbox 912 2051 944 2124; x_wconf 78' lang='lat' dir='ltr'>it</span> <span class='ocrx_word' id='word_1_141' title='bbox 959 2049 996 2122; x_wconf 90' lang='lat' dir='ltr'>in</span> <span class='ocrx_word' id='word_1_142' title='bbox 1012 2067 1123 2146; x_wconf 84' lang='lat' dir='ltr'>tarne</span> 
     </span>
    </p>
   </div>
   <div class='ocr_carea' id='block_1_3' title="bbox 52 2144 1121 2320">
    <p class='ocr_par' dir='ltr' id='par_1_4' title="bbox 52 2144 1121 2320">
     <span class='ocr_line' id='line_1_20' title="bbox 52 2144 1121 2320; baseline -0.002 -94"><span class='ocrx_word' id='word_1_143' title='bbox 52 2151 209 2226; x_wconf 86' lang='lat' dir='ltr'>meliore</span> <span class='ocrx_word' id='word_1_144' title='bbox 233 2148 268 2222; x_wconf 83' lang='lat' dir='ltr'>dt</span> <span class='ocrx_word' id='word_1_145' title='bbox 290 2151 459 2240; x_wconf 79' lang='lat' dir='ltr'>alterius,</span> <span class='ocrx_word' id='word_1_146' title='bbox 484 2147 521 2222; x_wconf 90' lang='lat' dir='ltr'>id</span> <span class='ocrx_word' id='word_1_147' title='bbox 541 2144 624 2320; x_wconf 55' lang='lat' dir='ltr'>estE</span> <span class='ocrx_word' id='word_1_148' title='bbox 640 2167 719 2224; x_wconf 90' lang='lat' dir='ltr'>non</span> <span class='ocrx_word' id='word_1_149' title='bbox 735 2151 947 2244; x_wconf 80' lang='lat' dir='ltr'>pectatdicia</span> <span class='ocrx_word' id='word_1_150' title='bbox 969 2163 1121 2243; x_wconf 66' lang='lat' dir='ltr'>natum,</span> 
     </span>
    </p>
   </div>
   <div class='ocr_carea' id='block_1_4' title="bbox 6 2243 1264 4043">
    <p class='ocr_par' dir='ltr' id='par_1_5' title="bbox 51 2243 1204 2840">
     <span class='ocr_line' id='line_1_21' title="bbox 51 2243 1123 2344; baseline 0 -20"><span class='ocrx_word' id='word_1_151' title='bbox 51 2269 192 2324; x_wconf 84' lang='lat' dir='ltr'>nevum</span> <span class='ocrx_word' id='word_1_152' title='bbox 218 2247 358 2343; x_wconf 85' lang='lat' dir='ltr'>peceatl</span> <span class='ocrx_word' id='word_1_153' title='bbox 380 2243 559 2322; x_wconf 79' lang='lat' dir='ltr'>redemit?</span> <span class='ocrx_word' id='word_1_154' title='bbox 624 2267 718 2344; x_wconf 83' lang='lat' dir='ltr'>rgo,</span> <span class='ocrx_word' id='word_1_155' title='bbox 749 2249 888 2342; x_wconf 84' lang='lat' dir='ltr'>inquit,</span> <span class='ocrx_word' id='word_1_156' title='bbox 922 2250 1123 2326; x_wconf 72' lang='lat' dir='ltr'>nnuman</span> 
     </span>
     <span class='ocr_line' id='line_1_22' title="bbox 52 2345 1177 2444; baseline -0.002 -18"><span class='ocrx_word' id='word_1_157' title='bbox 52 2347 194 2442; x_wconf 85' lang='lat' dir='ltr'>induit,</span> <span class='ocrx_word' id='word_1_158' title='bbox 208 2349 391 2442; x_wconf 82' lang='lat' dir='ltr'>peccatrix</span> <span class='ocrx_word' id='word_1_159' title='bbox 408 2347 478 2424; x_wconf 87' lang='lat' dir='ltr'>fuit</span> <span class='ocrx_word' id='word_1_160' title='bbox 492 2365 578 2422; x_wconf 84' lang='lat' dir='ltr'>caro</span> <span class='ocrx_word' id='word_1_161' title='bbox 591 2345 730 2424; x_wconf 85' lang='lat' dir='ltr'>Christi.</span> <span class='ocrx_word' id='word_1_162' title='bbox 768 2347 859 2422; x_wconf 92' lang='lat' dir='ltr'>Noli</span> <span class='ocrx_word' id='word_1_163' title='bbox 874 2347 1123 2444; x_wconf 80' lang='lat' dir='ltr'>constringere</span> <span class='ocrx_word' id='word_1_164' title='bbox 1175 2361 1177 2368; x_wconf 63' lang='lat'>‘</span> 
     </span>
     <span class='ocr_line' id='line_1_23' title="bbox 53 2445 1204 2546; baseline -0.002 -20"><span class='ocrx_word' id='word_1_165' title='bbox 53 2447 308 2546; x_wconf 75' lang='lat' dir='ltr'>explicabilem</span> <span class='ocrx_word' id='word_1_166' title='bbox 330 2447 490 2524; x_wconf 74' lang='lat' dir='ltr'>lenium:</span> <span class='ocrx_word' id='word_1_167' title='bbox 522 2445 679 2524; x_wconf 88' lang='lat' dir='ltr'>nostram</span> <span class='ocrx_word' id='word_1_168' title='bbox 701 2449 794 2540; x_wconf 82' lang='lat' dir='ltr'>enim</span> <span class='ocrx_word' id='word_1_169' title='bbox 816 2449 993 2542; x_wconf 82' lang='lat' dir='ltr'>induens,</span> <span class='ocrx_word' id='word_1_170' title='bbox 1027 2447 1123 2524; x_wconf 87' lang='lat' dir='ltr'>suam</span> <span class='ocrx_word' id='word_1_171' title='bbox 1201 2501 1204 2508; x_wconf 33' lang='grc' dir='ltr'><em>ι</em></span> 
     </span>
     <span class='ocr_line' id='line_1_24' title="bbox 52 2543 1123 2640; baseline -0.008 -10"><span class='ocrx_word' id='word_1_172' title='bbox 52 2549 169 2637; x_wconf 79' lang='lat' dir='ltr'>lecit3</span> <span class='ocrx_word' id='word_1_173' title='bbox 194 2543 289 2622; x_wconf 87' lang='lat' dir='ltr'>suam</span> <span class='ocrx_word' id='word_1_174' title='bbox 304 2543 530 2624; x_wconf 81' lang='lat' dir='ltr'>facienrnon</span> <span class='ocrx_word' id='word_1_175' title='bbox 549 2547 788 2640; x_wconf 87' lang='lat' dir='ltr'>peccatricem</span> <span class='ocrx_word' id='word_1_176' title='bbox 809 2567 888 2623; x_wconf 42' lang='lat' dir='ltr'>weam</span> <span class='ocrx_word' id='word_1_177' title='bbox 909 2545 1006 2623; x_wconf 86' lang='lat' dir='ltr'>fecit.</span> <span class='ocrx_word' id='word_1_178' title='bbox 1055 2545 1123 2622; x_wconf 85' lang='lat' dir='ltr'>Ce-</span> 
     </span>
     <span class='ocr_line' id='line_1_25' title="bbox 54 2645 1123 2742; baseline -0.006 -14"><span class='ocrx_word' id='word_1_179' title='bbox 54 2665 177 2728; x_wconf 84' lang='lat' dir='ltr'>tetum</span> <span class='ocrx_word' id='word_1_180' title='bbox 193 2649 293 2742; x_wconf 87' lang='lat' dir='ltr'>quod</span> <span class='ocrx_word' id='word_1_181' title='bbox 306 2645 350 2722; x_wconf 84' lang='lat' dir='ltr'>ad</span> <span class='ocrx_word' id='word_1_182' title='bbox 364 2667 491 2724; x_wconf 84' lang='lat' dir='ltr'>omnet</span> <span class='ocrx_word' id='word_1_183' title='bbox 504 2645 633 2722; x_wconf 75' lang='lat' dir='ltr'>ditium</span> <span class='ocrx_word' id='word_1_184' title='bbox 649 2646 711 2738; x_wconf 77' lang='lat' dir='ltr'>sit,</span> <span class='ocrx_word' id='word_1_185' title='bbox 729 2649 792 2742; x_wconf 86' lang='lat' dir='ltr'>qui</span> <span class='ocrx_word' id='word_1_186' title='bbox 804 2649 888 2722; x_wconf 90' lang='lat' dir='ltr'>ideo</span> <span class='ocrx_word' id='word_1_187' title='bbox 903 2669 980 2722; x_wconf 91' lang='lat' dir='ltr'>non</span> <span class='ocrx_word' id='word_1_188' title='bbox 992 2661 1123 2741; x_wconf 87' lang='lat' dir='ltr'>putant</span> 
     </span>
     <span class='ocr_line' id='line_1_26' title="bbox 55 2744 1123 2840; baseline -0.007 -11"><span class='ocrx_word' id='word_1_189' title='bbox 55 2770 204 2829; x_wconf 79' lang='lat' dir='ltr'>tarnem</span> <span class='ocrx_word' id='word_1_190' title='bbox 221 2747 379 2824; x_wconf 86' lang='lat' dir='ltr'>nostram</span> <span class='ocrx_word' id='word_1_191' title='bbox 398 2748 436 2822; x_wconf 90' lang='lat' dir='ltr'>in</span> <span class='ocrx_word' id='word_1_192' title='bbox 457 2744 597 2822; x_wconf 86' lang='lat' dir='ltr'>Christo</span> <span class='ocrx_word' id='word_1_193' title='bbox 618 2747 749 2838; x_wconf 75' lang='lat' dir='ltr'>mitre,</span> <span class='ocrx_word' id='word_1_194' title='bbox 786 2751 868 2840; x_wconf 88' lang='lat' dir='ltr'>quia</span> <span class='ocrx_word' id='word_1_195' title='bbox 889 2769 965 2822; x_wconf 90' lang='lat' dir='ltr'>non</span> <span class='ocrx_word' id='word_1_196' title='bbox 987 2748 1056 2823; x_wconf 88' lang='lat' dir='ltr'>fult</span> <span class='ocrx_word' id='word_1_197' title='bbox 1076 2767 1123 2822; x_wconf 83' lang='lat' dir='ltr'>ex</span> 
     </span>
    </p>

    <p class='ocr_par' dir='ltr' id='par_1_6' title="bbox 54 2841 1248 2944">
     <span class='ocr_line' id='line_1_27' title="bbox 54 2841 1248 2944; baseline -0.002 -16"><span class='ocrx_word' id='word_1_198' title='bbox 54 2855 129 2928; x_wconf 82' lang='lat' dir='ltr'>viri</span> <span class='ocrx_word' id='word_1_199' title='bbox 152 2845 309 2942; x_wconf 79' lang='lat' dir='ltr'>semine,</span> <span class='ocrx_word' id='word_1_200' title='bbox 341 2847 580 2944; x_wconf 79' lang='lat' dir='ltr'>recordentur</span> <span class='ocrx_word' id='word_1_201' title='bbox 601 2841 718 2922; x_wconf 81' lang='lat' dir='ltr'>Adam</span> <span class='ocrx_word' id='word_1_202' title='bbox 735 2845 847 2940; x_wconf 85' lang='lat' dir='ltr'>ipsum</span> <span class='ocrx_word' id='word_1_203' title='bbox 869 2849 906 2922; x_wconf 93' lang='lat' dir='ltr'>in</span> <span class='ocrx_word' id='word_1_204' title='bbox 930 2849 1022 2924; x_wconf 83' lang='lat' dir='ltr'>hane</span> <span class='ocrx_word' id='word_1_205' title='bbox 1048 2867 1124 2920; x_wconf 80' lang='lat' dir='ltr'>aar·</span> <span class='ocrx_word' id='word_1_206' title='bbox 1245 2909 1248 2926; x_wconf 89' lang='lat'>.</span> 
     </span>
    </p>

    <p class='ocr_par' dir='ltr' id='par_1_7' title="bbox 6 2943 1169 3046">
     <span class='ocr_line' id='line_1_28' title="bbox 6 2943 1169 3046; baseline -0.005 -20"><span class='ocrx_word' id='word_1_207' title='bbox 6 3035 7 3038; x_wconf 6' lang='lat' dir='ltr'>p</span> <span class='ocrx_word' id='word_1_208' title='bbox 54 2971 170 3046; x_wconf 81' lang='lat' dir='ltr'>nem,</span> <span class='ocrx_word' id='word_1_209' title='bbox 201 2969 280 3026; x_wconf 89' lang='lat' dir='ltr'>non</span> <span class='ocrx_word' id='word_1_210' title='bbox 299 2969 344 3024; x_wconf 84' lang='lat' dir='ltr'>ex</span> <span class='ocrx_word' id='word_1_211' title='bbox 363 2943 495 3024; x_wconf 89' lang='lat' dir='ltr'>semine</span> <span class='ocrx_word' id='word_1_212' title='bbox 511 2948 581 3020; x_wconf 89' lang='lat' dir='ltr'>viri</span> <span class='ocrx_word' id='word_1_213' title='bbox 596 2943 738 3022; x_wconf 74' lang='lat' dir='ltr'>latium.</span> <span class='ocrx_word' id='word_1_214' title='bbox 797 2945 898 3020; x_wconf 83' lang='lat' dir='ltr'>Sient</span> <span class='ocrx_word' id='word_1_215' title='bbox 919 2961 1016 3022; x_wconf 88' lang='lat' dir='ltr'>terra</span> <span class='ocrx_word' id='word_1_216' title='bbox 1036 2966 1124 3020; x_wconf 86' lang='lat' dir='ltr'>con·</span> <span class='ocrx_word' id='word_1_217' title='bbox 1166 2975 1169 2989; x_wconf 83' lang='lat'><strong>·</strong></span> 
     </span>
    </p>

    <p class='ocr_par' dir='ltr' id='par_1_8' title="bbox 6 3033 1124 3140">
     <span class='ocr_line' id='line_1_29' title="bbox 6 3033 1124 3140; baseline -0.011 -10"><span class='ocrx_word' id='word_1_218' title='bbox 6 3047 9 3066; x_wconf 84' lang='lat'><em>&#39;</em></span> <span class='ocrx_word' id='word_1_219' title='bbox 55 3047 164 3130; x_wconf 83' lang='lat' dir='ltr'>uersa</span> <span class='ocrx_word' id='word_1_220' title='bbox 180 3045 232 3126; x_wconf 84' lang='lat' dir='ltr'>est</span> <span class='ocrx_word' id='word_1_221' title='bbox 247 3049 285 3124; x_wconf 92' lang='lat' dir='ltr'>in</span> <span class='ocrx_word' id='word_1_222' title='bbox 301 3047 394 3124; x_wconf 85' lang='lat' dir='ltr'>hanc</span> <span class='ocrx_word' id='word_1_223' title='bbox 408 3063 551 3122; x_wconf 82' lang='lat' dir='ltr'>carnem</span> <span class='ocrx_word' id='word_1_224' title='bbox 567 3047 640 3124; x_wconf 84' lang='lat' dir='ltr'>fine</span> <span class='ocrx_word' id='word_1_225' title='bbox 660 3045 730 3120; x_wconf 89' lang='lat' dir='ltr'>viri</span> <span class='ocrx_word' id='word_1_226' title='bbox 749 3033 901 3140; x_wconf 82' lang='lat' dir='ltr'>lemine,</span> <span class='ocrx_word' id='word_1_227' title='bbox 926 3047 977 3120; x_wconf 83' lang='lat' dir='ltr'>ita</span> <span class='ocrx_word' id='word_1_228' title='bbox 997 3047 1032 3120; x_wconf 78' lang='lat' dir='ltr'>dt</span> <span class='ocrx_word' id='word_1_229' title='bbox 1049 3043 1124 3118; x_wconf 90' lang='lat' dir='ltr'>Del</span> 
     </span>
    </p>

    <p class='ocr_par' dir='ltr' id='par_1_9' title="bbox 6 3143 1264 3332">
     <span class='ocr_line' id='line_1_30' title="bbox 6 3143 1264 3266; baseline -0.006 -37"><span class='ocrx_word' id='word_1_230' title='bbox 6 3203 15 3266; x_wconf 42' lang='grc' dir='ltr'>ἰ</span> <span class='ocrx_word' id='word_1_231' title='bbox 55 3153 214 3238; x_wconf 76' lang='lat' dir='ltr'>uerbum</span> <span class='ocrx_word' id='word_1_232' title='bbox 227 3145 436 3244; x_wconf 85' lang='lat' dir='ltr'>potuitllne</span> <span class='ocrx_word' id='word_1_233' title='bbox 449 3146 605 3243; x_wconf 81' lang='lat' dir='ltr'>coagulo</span> <span class='ocrx_word' id='word_1_234' title='bbox 619 3148 657 3222; x_wconf 91' lang='lat' dir='ltr'>in</span> <span class='ocrx_word' id='word_1_235' title='bbox 671 3143 830 3240; x_wconf 76' lang='lat' dir='ltr'>ejusdem</span> <span class='ocrx_word' id='word_1_236' title='bbox 847 3145 962 3221; x_wconf 80' lang='lat' dir='ltr'>carrrit</span> <span class='ocrx_word' id='word_1_237' title='bbox 977 3145 1125 3222; x_wconf 84' lang='lat' dir='ltr'>transtro</span> <span class='ocrx_word' id='word_1_238' title='bbox 1262 3144 1264 3148; x_wconf 80' lang='grc'><strong>’</strong></span> 
     </span>
     <span class='ocr_line' id='line_1_31' title="bbox 55 3254 254 3332; baseline -0.04 0"><span class='ocrx_word' id='word_1_239' title='bbox 55 3254 254 3332; x_wconf 77' lang='lat' dir='ltr'>materiam.</span> 
     </span>
    </p>

    <p class='ocr_par' dir='ltr' id='par_1_10' title="bbox 58 3337 1124 3550">
     <span class='ocr_line' id='line_1_32' title="bbox 115 3337 1124 3446; baseline -0.007 -20"><span class='ocrx_word' id='word_1_240' title='bbox 115 3361 118 3368; x_wconf 89' lang='grc'><strong>’</strong></span> <span class='ocrx_word' id='word_1_241' title='bbox 138 3372 194 3446; x_wconf 79' lang='lat'>17.</span> <span class='ocrx_word' id='word_1_242' title='bbox 223 3349 293 3427; x_wconf 85' lang='lat' dir='ltr'>Sed</span> <span class='ocrx_word' id='word_1_243' title='bbox 314 3341 456 3426; x_wconf 84' lang='lat' dir='ltr'>remilio</span> <span class='ocrx_word' id='word_1_244' title='bbox 473 3343 683 3422; x_wconf 79' lang='lat' dir='ltr'>Alexandro</span> <span class='ocrx_word' id='word_1_245' title='bbox 704 3363 784 3424; x_wconf 86' lang='lat' dir='ltr'>tum</span> <span class='ocrx_word' id='word_1_246' title='bbox 809 3339 876 3422; x_wconf 80' lang='lat' dir='ltr'>suia</span> <span class='ocrx_word' id='word_1_247' title='bbox 901 3337 1124 3444; x_wconf 73' lang='lat' dir='ltr'>syllogismis,¹</span> 
     </span>
     <span class='ocr_line' id='line_1_33' title="bbox 58 3445 1124 3550; baseline -0.008 -22"><span class='ocrx_word' id='word_1_248' title='bbox 58 3471 153 3550; x_wconf 81' lang='lat' dir='ltr'>quoa</span> <span class='ocrx_word' id='word_1_249' title='bbox 169 3454 208 3526; x_wconf 89' lang='lat' dir='ltr'>in</span> <span class='ocrx_word' id='word_1_250' title='bbox 227 3447 595 3549; x_wconf 72' lang='lat' dir='ltr'>argumentationibus</span> <span class='ocrx_word' id='word_1_251' title='bbox 613 3461 782 3540; x_wconf 77' lang='lat' dir='ltr'>torquet,</span> <span class='ocrx_word' id='word_1_252' title='bbox 810 3448 917 3520; x_wconf 86' lang='lat' dir='ltr'>etiam</span> <span class='ocrx_word' id='word_1_253' title='bbox 936 3465 1015 3520; x_wconf 88' lang='lat' dir='ltr'>cum</span> <span class='ocrx_word' id='word_1_254' title='bbox 1037 3445 1124 3542; x_wconf 84' lang='lat' dir='ltr'>psal·</span> 
     </span>
    </p>

    <p class='ocr_par' dir='ltr' id='par_1_11' title="bbox 6 3543 1146 3862">
     <span class='ocr_line' id='line_1_34' title="bbox 6 3543 1124 3646; baseline -0.012 -13"><span class='ocrx_word' id='word_1_255' title='bbox 6 3565 7 3568; x_wconf 75' lang='grc'>’</span> <span class='ocrx_word' id='word_1_256' title='bbox 58 3555 125 3634; x_wconf 81' lang='lat' dir='ltr'>ntis</span> <span class='ocrx_word' id='word_1_257' title='bbox 144 3549 358 3646; x_wconf 80' lang='lat' dir='ltr'>Valentini,</span> <span class='ocrx_word' id='word_1_258' title='bbox 393 3567 485 3644; x_wconf 80' lang='lat' dir='ltr'>quos</span> <span class='ocrx_word' id='word_1_259' title='bbox 502 3569 629 3645; x_wconf 83' lang='lat' dir='ltr'>magna</span> <span class='ocrx_word' id='word_1_260' title='bbox 652 3545 871 3642; x_wconf 82' lang='lat' dir='ltr'>impudentia</span> <span class='ocrx_word' id='word_1_261' title='bbox 890 3545 983 3638; x_wconf 82' lang='lat' dir='ltr'>quali</span> <span class='ocrx_word' id='word_1_262' title='bbox 1000 3543 1124 3620; x_wconf 89' lang='lat' dir='ltr'>idonei</span> 
     </span>
     <span class='ocr_line' id='line_1_35' title="bbox 59 3643 1146 3754; baseline -0.018 -16"><span class='ocrx_word' id='word_1_263' title='bbox 59 3660 209 3754; x_wconf 83' lang='lat' dir='ltr'>alicujus</span> <span class='ocrx_word' id='word_1_264' title='bbox 229 3652 383 3730; x_wconf 80' lang='lat' dir='ltr'>autloria</span> <span class='ocrx_word' id='word_1_265' title='bbox 401 3643 601 3743; x_wconf 84' lang='lat' dir='ltr'>interserit,</span> <span class='ocrx_word' id='word_1_266' title='bbox 629 3645 672 3720; x_wconf 83' lang='lat' dir='ltr'>ad</span> <span class='ocrx_word' id='word_1_267' title='bbox 686 3666 794 3722; x_wconf 87' lang='lat' dir='ltr'>anam</span> <span class='ocrx_word' id='word_1_268' title='bbox 803 3646 874 3742; x_wconf 84' lang='lat' dir='ltr'>jtm</span> <span class='ocrx_word' id='word_1_269' title='bbox 888 3646 1017 3722; x_wconf 85' lang='lat' dir='ltr'>lineam</span> <span class='ocrx_word' id='word_1_270' title='bbox 1036 3664 1146 3720; x_wconf 72' lang='lat' dir='ltr'>con·</span> 
     </span>
     <span class='ocr_line' id='line_1_36' title="bbox 58 3745 1126 3862; baseline -0.016 -25"><span class='ocrx_word' id='word_1_271' title='bbox 58 3761 272 3862; x_wconf 70' lang='lat' dir='ltr'>greffionem</span> <span class='ocrx_word' id='word_1_272' title='bbox 290 3749 495 3850; x_wconf 81' lang='lat' dir='ltr'>dirigamus:</span> <span class='ocrx_word' id='word_1_273' title='bbox 521 3769 566 3822; x_wconf 83' lang='lat' dir='ltr'>nn</span> <span class='ocrx_word' id='word_1_274' title='bbox 588 3763 731 3822; x_wconf 84' lang='lat' dir='ltr'>carnem</span> <span class='ocrx_word' id='word_1_275' title='bbox 746 3745 903 3820; x_wconf 76' lang='lat' dir='ltr'>Christus</span> <span class='ocrx_word' id='word_1_276' title='bbox 922 3765 968 3823; x_wconf 81' lang='lat' dir='ltr'>ex</span> <span class='ocrx_word' id='word_1_277' title='bbox 983 3747 1126 3842; x_wconf 81' lang='lat' dir='ltr'>virgine</span> 
     </span>
    </p>

    <p class='ocr_par' dir='ltr' id='par_1_12' title="bbox 38 3847 1126 4043">
     <span class='ocr_line' id='line_1_37' title="bbox 38 3847 1126 4043; baseline -0.017 -103"><span class='ocrx_word' id='word_1_278' title='bbox 38 3871 51 3892; x_wconf 85' lang='grc'>’·</span> <span class='ocrx_word' id='word_1_279' title='bbox 62 3861 265 3964; x_wconf 55' lang='lat' dir='ltr'>acceperim</span> <span class='ocrx_word' id='word_1_280' title='bbox 281 3853 407 3936; x_wconf 80' lang='lat' dir='ltr'>uthoc</span> <span class='ocrx_word' id='word_1_281' title='bbox 418 3849 727 4029; x_wconf 51' lang='grc' dir='ltr'>μεοὶριιξειζωοάο·</span> <span class='ocrx_word' id='word_1_282' title='bbox 737 3847 926 3950; x_wconf 77' lang='lat' dir='ltr'>humanam</span> <span class='ocrx_word' id='word_1_283' title='bbox 939 3867 1023 4024; x_wconf 57' lang='lat' dir='ltr'>mli</span> <span class='ocrx_word' id='word_1_284' title='bbox 1037 3859 1126 4043; x_wconf 56' lang='lat' dir='ltr'>etpu-</span> 
     </span>
     <span class='ocr_line' id='line_1_38' title="bbox 116 3961 1114 4036; baseline -0.005 -9"><span class='ocrx_word' id='word_1_285' title='bbox 116 4013 125 4026; x_wconf 88' lang='lat'><strong><em>.</em></strong></span> <span class='ocrx_word' id='word_1_286' title='bbox 521 3994 525 4006; x_wconf 90' lang='lat'><strong>·</strong></span> <span class='ocrx_word' id='word_1_287' title='bbox 640 3969 662 4026; x_wconf 79' lang='lat' dir='ltr'>u</span> <span class='ocrx_word' id='word_1_288' title='bbox 1024 3969 1044 4022; x_wconf 85' lang='lat' dir='ltr'>c</span> <span class='ocrx_word' id='word_1_289' title='bbox 1101 3961 1114 4036; x_wconf 70' lang='grc' dir='ltr'>ζ</span> 
     </span>
    </p>
   </div>
   <div class='ocr_carea' id='block_1_5' title="bbox 0 0 1316 4336">
    <p class='ocr_par' dir='ltr' id='par_1_13' title="bbox 0 0 1316 4336">
     <span class='ocr_line' id='line_1_39' title="bbox 0 0 1316 4336; baseline 0 0"><span class='ocrx_word' id='word_1_290' title='bbox 0 0 1316 4336; x_wconf 95' lang='lat' dir='ltr'> </span> 
     </span>
    </p>
   </div>
  </div>
 </body>
</html>
