2540 4334
223 221 290 280 un
313 201 628 306 Vrnorurnup
652 201 934 285 Vrnaunrr.
1039 227 1144 312 ιηι

29 359 136 464 est,
162 361 197 438 dc
213 365 389 460 tuncjam
401 368 520 466 alieno
536 368 694 446 ambulat
706 367 850 464 babitu,
877 369 914 442 id
930 367 984 444 est
1001 391 1109 464 quem

25 465 101 542 fibi
116 464 291 540 vendicat
308 465 516 563 virginitas,
544 483 732 564 permanet
744 470 974 544 nihilominus
993 472 1030 547 in
1047 471 1108 544 ha·
1217 551 1219 556 ,

25 567 119 640 bitu
147 563 210 638 vel
232 579 320 640 tunc
343 563 465 642 saltem
491 569 649 664 alieno,
676 591 723 642 ne
742 565 879 642 scilicet
904 573 1114 650 mutatione·
1229 593 1237 626 t

19 661 227 762 prodamr.
279 663 440 740 Consciae
454 667 724 762 muliebritatis,
742 667 814 762 jam
833 669 1031 746 indubitate
1045 691 1106 743 au„

21 765 129 840 dent
153 761 253 838 nudo
285 768 402 860 capite
429 765 474 840 ad
497 765 619 842 Deum
647 765 756 844 adire.
823 765 894 859 Sed
918 771 1118 854 emulator¹

14 864 146 939 Deus
163 861 198 938 dt
214 863 404 960 dominus,
430 869 492 960 qui
508 867 622 964 dixit,-
651 868 755 940 Nihil
768 868 923 938 occultum
939 873 1018 966 quod
1037 893 1107 944 non

19 963 267 1050 revdaiitur3
301 965 489 1058 plerasque
507 969 615 1043 etiam
635 968 673 1041 in
695 965 925 1061 conspesbum
948 967 1106 1050 deducit.

16 1061 132 1142 Non
146 1061 242 1138 euim
258 1061 554 1162 confitebuntur,
577 1068 639 1142 nisr
651 1065 805 1162 ipsorum
821 1067 1009 1142 infantium
1026 1067 1107 1144 suo·

15 1185 118 1239 rum
132 1163 313 1259 vagitibus
325 1165 488 1258 prodita
541 1167 726 1263 Quantum
739 1183 857 1242 autem
868 1168 1009 1262 plures,
1027 1189 1108 1244 non

16 1265 152 1340 etiam
171 1268 216 1338 de
240 1263 402 1358 pluribus
424 1264 614 1342 sceleribus
639 1265 1008 1359 suspedlas'habebisi
1040 1267 1107 1342 ui-

16 1385 146 1456 cam,
172 1363 258 1436 licet
274 1363 412 1454 nolim3
439 1363 581 1442 difficile
603 1368 730 1441 mulier
749 1365 855 1440 semel
873 1363 939 1460 lit,
964 1389 1043 1460 quae
1061 1367 1108 1440 ti·
1263 1397 1268 1406 ·

12 1479 114 1542 met
138 1459 245 1558 fieri,
278 1481 426 1555 quaeque
441 1463 513 1558 jam
533 1463 646 1560 fassa,
672 1463 793 1560 potest
812 1465 990 1564 virginem
1005 1486 1108 1542 men·

12 1566 96 1642 tiri
114 1561 181 1638 sub
193 1561 290 1638 Deo.
342 1565 488 1664 Quanto
506 1563 594 1638 item
611 1567 707 1639 circa
725 1580 868 1640 uterum
882 1563 981 1642 suum
998 1565 1106 1640 aude·
1229 1562 1237 1578 “

13 1665 113 1756 bit,
140 1683 189 1737 ne
204 1663 312 1738 etiam
325 1675 440 1738 mater
456 1663 668 1760 detegatur?
695 1664 758 1739 scit
772 1663 895 1759 Deus,
920 1665 1115 1759 quodjanr,

11 1765 221 1860 infantes,
257 1758 442 1859 &perfici
461 1763 497 1838 &
516 1763 663 1858 perduci
688 1765 733 1838 ad
759 1778 902 1862 partum
922 1767 980 1838 int
1044 1785 1105 1860 os,

12 1865 210 1956 duxerit,
243 1863 441 1940 debellatos
471 1863 673 1958 aliquandiu
699 1887 719 1938 a
743 1863 927 1942 matribus.
995 1895 996 1898 Ν
1042 1865 1116 1948 eil-¹

13 1967 121 2042 lime
148 1962 284 2058 semper
303 1963 522 2062 ¹concipiunt
544 1963 578 2038 dt
602 1963 792 2040 feliciffime
817 1964 963 2058 pariunt
983 1963 1116 2056 buius·¹

14 2063 140 2142 modi
175 2063 358 2160 virgines,
392 2065 536 2158 quidem
559 2063 751 2140 simillimos
776 2065 949 2158 patribus.
1014 2063 1106 2138 Haee

15 2163 198 2244 admittit
214 2161 345 2262 flagitia
363 2163 486 2238 coasia
501 2163 662 2240 &invita
674 2163 870 2262 virginitas.
921 2159 999 2258 Ipsa
1016 2185 1106 2238 con·

12 2261 259 2358 cupiscentia
276 2285 353 2338 non
370 2263 525 2358 latendi,
551 2285 627 2338 non
646 2263 697 2338 est
711 2263 864 2356 pudica:
889 2265 1025 2362 patitur
1040 2263 1105 2336 ali·

15 2364 151 2462 quid,
178 2363 278 2456 quod
296 2365 442 2462 virginis
464 2363 625 2457 nonsit,
650 2361 801 2438 studium
822 2363 1009 2458 placendi,
1034 2363 1116 2455 uti·‚

13 2487 109 2562 que
136 2461 175 2535 dt
196 2464 296 2539 viris.
363 2467 522 2562 Qantum
545 2463 635 2536 velis
661 2463 759 2538 bona
783 2477 905 2537 mente
932 2475 1116 2556 conetur„
1175 2515 1177 2522 ,

13 2561 182 2642 necesse
204 2561 253 2636 est
272 2563 519 2659 publicatione
537 2561 587 2636 sui
606 2565 851 2656 periclitetur,
879 2561 962 2636 dum
976 2581 1114 2658 percus.

12 2667 128 2741 titur
154 2663 269 2736 oculis
290 2665 437 2737 incertis
461 2662 665 2758 damulus,
703 2663 786 2737 dum
812 2661 929 2758 digitis
953 2661 1106 2736 dennun-
1159 2671 1166 2680 '

12 2761 226 2844 iurantium
240 2763 432 2859 titillatur,
460 2763 544 2837 dum
557 2764 702 2838 nimium
719 2777 880 2853 amatur,
908 2759 991 2836 dum
1005 2761 1105 2834 inter

12 2864 226 2958 amplexus
242 2861 277 2936 dt
297 2861 418 2936 oscula
432 2861 557 2938 assidua
573 2859 799 2936 concalescit.
848 2855 907 2936 Sic
923 2859 1025 2934 frons
1041 2859 1104 2934 du·

8 2981 163 3056 tatuit,
187 2961 235 3034 fic
250 2963 368 3055 pudor
382 2961 531 3054 teritur,
555 2959 603 3036 sic
617 2961 788 3060 soluitur,
813 2959 861 3035 sse
879 2957 1023 3034 discitur
1041 2959 1116 3051 alb,

11 3069 88 3144 t'er
102 3063 183 3156 jam
200 3061 340 3154 placere
360 3059 566 3138 denderare.
1110 3129 1114 3143 ,

83 3183 152 3252 15.
180 3157 249 3234 Sed
260 3159 354 3236 enlm
364 3181 466 3254 vere,
481 3157 780 3256 &tota,&pura
790 3159 976 3260 virginitas
985 3154 1105 3250 ,mihil

9 3263 151 3360 magis
163 3259 281 3356 timet,
297 3281 401 3354 quam
414 3257 650 3356 semetipsam:
668 3259 776 3336 etiam
789 3257 1001 3336 feminarum
1015 3277 1104 3329 ocu-

9 3371 89 3446 los
106 3359 189 3456 pati
200 3381 277 3436 non
291 3359 390 3455 vult,
410 3359 498 3435 alios
511 3357 584 3456 ipsa
597 3359 862 3434 oeuloshabet:
882 3355 1048 3454 confugit
1058 3353 1104 3432 ad

12 3465 210 3543 velamen
233 3459 357 3556 capitis
370 3464 472 3554 ,quali
490 3459 534 3536 ad
548 3463 704 3558 galeam,
742 3461 836 3553 quasr
856 3457 899 3532 ad
920 3457 1103 3556 clypeum,

9 3565 94 3669 qui
108 3563 255 3638 bonum
264 3557 363 3636 situm
379 3574 549 3657 protegat
561 3558 728 3636 adversus
741 3557 829 3634 retus
843 3557 1103 3650 tentationum,
1199 3639 1203 3646 ,

9 3657 213 3747 adversus
224 3657 343 3755 jacula
354 3659 626 3754 scandalorum,
653 3657 819 3734 adversus
837 3653 1117 3760 suspiciones&

7 3763 227 3855 fissurros,
256 3759 600 3855 simulationem,
630 3757 742 3854 ipsum
764 3777 909 3854 quoque
930 3755 1101 3832 livorem.

11 3867 139 3948 Nam
165 3859 216 3936 est
241 3860 373 3958 aliquid
398 3863 505 3938 etiam
533 3855 627 3962 apud
660 3857 825 3936 ethnicos
855 3853 1113 3948 metuendum.

36 3965 44 3976 '
86 3955 234 4074 335¹?st
254 3959 416 4048 Turnls.¹
605 3957 645 4037 H
683 3959 686 3966 ’
954 3947 1056 4048 (iuml
