2602 4336
425 229 501 286 be
550 207 793 288 Arima,
1072 233 1141 307 lit

6 373 10 492 ᾗ
69 375 183 464 nam,
213 369 406 464 &quidem
423 373 499 466 ejus
516 371 682 468 co'rpbris
703 373 801 464 quod
818 393 889 446 una
909 373 1057 466 quaeque
1077 377 1143 447 cir·

69 471 254 546 cumtulit.
306 469 393 546 Hoc
403 493 473 546 nos
489 471 609 566 sapere
621 473 764 546 interim
779 471 965 566 primordii
978 485 1142 550 contem·

66 571 187 668 platio
208 569 365 646 inducat.
417 571 595 668 Recogita
614 573 729 666 enim,
758 593 839 646 curn
856 573 956 646 Deua
972 571 1087 646 fiaitet
1101 573 1141 648 in

67 671 201 748 taciem
223 672 377 746 hominis
397 669 520 748 flatum
541 674 645 762 vita,
674 672 707 744 dt
728 671 840 746 faetus
862 671 948 748 esset
967 673 1082 748 bomo
1102 675 1140 750 in

66 772 224 846 animam
243 771 393 864 vivam,
428 785 546 846 totum
569 773 694 862 utique
712 791 776 864 per
796 773 924 846 satiem
946 769 1061 846 statim
1077 773 1141 846 ila·

67 885 148 944 bam
170 871 270 944 illum
298 871 335 943 in
357 871 531 946 interiora
550 868 803 963 transmissum,
831 871 951 965 &per
973 869 1142 948 rutiversa

69 972 239 1064 corporis
258 968 367 1064 spatia
383 967 565 1062 diffusum,
592 973 762 1065 simulque
782 972 904 1045 divina
922 969 1137 1062 aspiratione

47 1069 284 1164 densatum,
316 1071 416 1143 omni
438 1072 534 1144 intus
555 1074 649 1145 linea
672 1069 870 1169 expressum
897 1071 995 1164 eise,
1033 1093 1139 1164 quam

69 1167 255 1244 densatum
267 1171 502 1264 impleverat,
517 1171 668 1245 &velut
678 1173 716 1244 in
730 1171 846 1246 forma
860 1169 998 1269 gelasse.
1050 1171 1139 1248 lnde
1192 1197 1203 1222 ·

67 1271 180 1366 igitur
197 1269 230 1341 dc
246 1269 472 1364 corpulentia
486 1274 607 1344 anima
623 1293 668 1344 ex
682 1269 890 1364 densatione
907 1269 1055 1346 solidata
1072 1269 1137 1366 est,

69 1367 105 1444 dr
124 1367 258 1464 effigies
280 1369 500 1464 expressione
522 1373 686 1446 formata.
739 1373 810 1446 Hic
828 1374 896 1446 erit
915 1373 1028 1445 homo
1046 1369 1139 1444 inte·

67 1471 168 1560 rior,
196 1469 283 1543 alius
302 1471 483 1564 exterior,
511 1469 701 1566 dupliciter
718 1493 828 1546 unus:
862 1474 996 1546 habens
1020 1470 1053 1544 dt
1075 1472 1138 1546 ille

68 1569 205 1644 ocutos
229 1568 263 1641 bt
287 1589 388 1645 aures
406 1569 511 1666 suae,
541 1573 670 1664 quibua
685 1574 841 1666 populus
861 1569 1060 1646 Dominum
1077 1591 1138 1644 au,

69 1667 543 1764 dire&videredcbuerat,
570 1673 704 1745 habens
722 1673 755 1744 ἃ
771 1685 1044 1762 ceterosartus,
1071 1691 1137 1763 per
1221 1682 1224 1692 ’

69 1789 166 1860 quoe
184 1767 218 1840 de
236 1771 273 1840 in
287 1772 506 1867 cogitatibus
525 1773 662 1864 utitur,
696 1771 784 1844 &in
807 1768 939 1844 somnis
961 1769 1135 1868 iungitur.
1273 1763 1277 1774 '

70 1866 131 1942 sic
149 1868 185 1940 tr
204 1867 307 1941 diviti
328 1871 421 1962 apud
438 1869 576 1945 inferos
593 1871 712 1968 lingua
733 1869 803 1964 est,
832 1871 1030 1968 &pauperi
1049 1870 1135 1965 digi-

70 1979 152 2062 tus,
178 1967 320 2043 &stuata
338 1967 502 2046 Abrahae.
558 1971 627 2046 Per
643 1971 705 2045 bas
723 1973 831 2046 lineas
848 1969 882 2046 dt
902 1971 1025 2045 animae
1044 1990 1135 2044 naar·

69 2081 195 2160 tyrum
215 2066 277 2142 sub
295 2071 394 2144 altari
410 2072 524 2148 intelli
575 2085 671 2146 ntur.
722 2067 1081 2166 Aprimordioenim
1096 2069 1135 2144 in

68 2163 189 2242 Adana
207 2185 381 2246 concreta
397 2171 518 2246 &con
546 2185 671 2268 gurata
687 2171 836 2268 corpori
853 2169 987 2263 anima,
1018 2185 1063 2242 ut
1076 2183 1135 2242 to·

70 2269 144 2342 tius
159 2267 378 2364 substantia,
398 2273 449 2345 ita
465 2273 500 2344 br
518 2272 738 2346 conditionis
754 2271 850 2345 istius
867 2267 984 2344 semen
1001 2265 1122 2346 efficit.

152 2390 208 2444 ro.
236 2367 398 2445 Pertinet
423 2372 466 2446 ad
487 2371 615 2446 statum
636 2369 746 2465 fidei,
773 2369 962 2463 implicem
985 2367 1135 2444 animam
1214 2463 1217 2470 .

71 2467 311 2544 determinare
325 2469 517 2548 secundum
533 2471 742 2562 Platonem,
769 2467 890 2562 idest,
916 2467 1135 2544 uniformem

70 2567 247 2643 murat
262 2567 459 2646 substantiae
479 2571 639 2646 nomine.
689 2569 859 2644 Viderint
873 2565 1017 2644 atres&
1036 2565 1135 2640 disci·
1238 2641 1241 2652 ,

70 2669 204 2763 plinae,
241 2669 400 2744 viderint
424 2671 460 2746 dr
486 2669 630 2767 effigies.
693 2669 849 2772 Quidam
877 2670 971 2742 enim
1001 2667 1136 2742 volunt
1289 2741 1294 2752 ,

69 2769 177 2844 diam
188 2769 240 2842 illl
256 2767 479 2847 substantiam
495 2772 692 2846 naturalem
705 2767 813 2846 inesse
828 2767 1010 2864 spirituma
1039 2766 1135 2860 quast

69 2867 168 2944 aliud
182 2867 224 2944 stt
241 2869 390 2964 vivere,
417 2872 517 2964 quod
534 2873 637 2946 venit
652 2874 695 2946 ab
710 2872 846 2958 animm
873 2868 967 2942 aliud
986 2863 1133 2966 spirare,

69 2967 173 3062 quod
195 2966 258 3042 fiat
277 2991 298 3042 a
316 2969 450 3066 spiritu.
508 2970 605 3046 Nam
629 2971 664 3044 dr
686 2971 892 3044 animalibus
916 2989 993 3042 non
1018 2967 1134 3040 omni·

67 3069 137 3146 bus
161 3085 354 3164 utrumme
374 3067 497 3146 adesse.
549 3069 721 3163 Pleraque
741 3071 836 3144 enim
855 3069 984 3142 vivere
1003 3065 1132 3139 sblum·
1211 3114 1214 3122 f

67 3167 204 3260 modo,
230 3191 309 3246 non
325 3171 432 3246 etiam
447 3168 597 3264 spirare,
624 3189 671 3244 eo
690 3168 789 3263 quod
805 3187 881 3241 non
899 3167 1056 3242 babeant
1074 3185 1132 3236 or-

67 3289 161 3366 gana
180 3267 344 3366 spiritus,
376 3271 566 3363 pulmones
592 3268 801 3347 &uteriaa
854 3267 971 3365 Quale
996 3262 1048 3338 est
1072 3283 1132 3336 au·
1254 3333 1259 3342 .

67 3378 142 3444 tem
156 3371 194 3444 in
209 3371 476 3444 examinatione
489 3371 650 3446 humane
661 3369 784 3444 anurrae
797 3368 921 3441 culicis
937 3379 1044 3460 atque
1056 3362 1132 3438 sor-
1276 3433 1280 3442 .

65 3469 169 3546 micae
182 3483 389 3568 argumenta
401 3468 599 3565 respicere,
630 3467 775 3562 quando
790 3467 825 3541 be
841 3465 966 3540 vitalia
982 3481 1052 3558 pro
1070 3483 1131 3536 cu·
1167 3495 1185 3534 e

63 3569 196 3663 jusque
210 3571 349 3666 generis
369 3566 620 3663 dispositione,
653 3568 820 3643 omnibus
840 3565 986 3660 propria
1001 3565 1131 3638 anime·

66 3669 160 3746 libus
183 3670 442 3761 temperaverit
460 3667 589 3742 artifex
605 3667 726 3762 Deus,
759 3679 801 3740 ut
822 3667 919 3741 nulla
940 3663 1023 3740 inde
1041 3683 1129 3736 con-

63 3769 201 3864 J’etlara
225 3755 401 3862 captanda
417 3767 471 3844 sit.
523 3766 618 3842 Nam
635 3788 753 3860 neque
775 3769 887 3842 homo
909 3761 1129 3857 sipulmoni·

67 3871 133 3950 but
159 3871 195 3946 tr
217 3868 356 3946 arteriia
375 3868 525 3948 nuens
546 3863 621 3961 est,
652 3867 791 3943 idcirco
812 3863 953 3944 aliunde
970 3859 1129 3965 spirabit,

562 3965 597 4040 Y
625 3988 646 4084 3·
970 3959 1080 4046 aliun·
