2586 4334
237 208 977 301 onRernuuaorrouaaaaurs.
1063 201 1152 319 591¹
1266 215 1271 232 '

9 446 10 464 r
70 381 317 483 reurgenus,
343 383 460 458 ssnon
473 383 511 458 in
525 401 632 456 carne
647 379 681 454 br
698 377 762 476 ipit
783 377 1037 478 resurgentum*
1054 383 1139 474 quia

71 505 141 584 per
159 485 365 572 homiuem,
390 484 528 576 inquit,
552 481 730 574 mors,.br
746 502 811 574 per
828 481 1012 557 hominem
1027 480 1139 559 resur·

71 583 215 677 renio,
248 597 290 656 ut
308 583 449 678 separet
466 582 610 674 quidem
632 577 815 674 auctores,
851 585 978 655 nortis
1004 583 1137 678 Adam,

72 681 276 774 Christum,
301 679 583 757 resurreetionis:
617 680 775 774 eiusdem
799 680 1138 756 autem'constitua·
1182 701 1187 719 ⁸

72 799 133 858 ret
167 781 366 856 substantio
394 779 701 858 resurrectionem.
762 777 799 851 si
831 780 951 867 enirn,
984 781 1075 855 irout
1097 783 1138 859 in

73 883 194 959 Adam
214 902 342 958 omnes
359 882 583 974 moriuntur,
608 881 658 952 ita
677 878 711 952 δι
727 879 765 951 in
781 877 922 952 Christo
937 900 1065 956 onrner
1083 885 1138 958 vi·

72 979 345 1067 vibrabantur,
371 1000 480 1054 carne
500 975 784 1054 vivificabuntur
801 979 838 1051 in
859 975 1021 1070 Christo,
1045 979 1139 1058 sr'cut

71 1083 113 1156 in
136 1079 253 1155 Adam
276 1099 385 1154 carne
407 1081 620 1177 moriuntur.
676 1075 934 1170 Unusquisque
956 1091 1075 1156 autern
1096 1083 1137 1158 in

74 1179 141 1258 suo
166 1182 317 1272 ordine,
348 1177 485 1253 scilicet
508 1182 590 1272 quia
614 1177 647 1251 ἀ
666 1179 705 1260 ‘ar
726 1177 791 1250 suo
808 1197 975 1271 corpore.
996 1192 999 1200 ·
1029 1173 1136 1256 Oido

72 1281 175 1356 enirn
199 1283 437 1364 meritorum,
470 1277 719 1373 dispofitorum
743 1279 894 1352 nornine
915 1278 1136 1374 disponetur.

74 1379 213 1454 Merita
225 1393 345 1456 autern
358 1397 440 1453 cunr
454 1381 601 1472 corpori
616 1395 762 1470 quoque
774 1375 1028 1471 adscribantur,
1040 1380 1136 1456 ordo

74 1497 226 1572 quoque
246 1497 443 1572 oorporum
463 1475 671 1572 disponatur
694 1473 836 1550 neceffe
861 1475 936 1570 est,
969 1491 1011 1551 ut
1030 1477 1137 1574 poffit

74 1577 147 1654 effe
173 1579 396 1654 maritorum.
460 1573 496 1650 Si
522 1589 643 1650 autem
674 1576 962 1672 &baptizantur
993 1579 1138 1669 quidam

74 1698 144 1776 pro
164 1679 339 1770 inpuris,
365 1675 567 1751 videbimus
586 1695 630 1750 an
649 1673 823 1749 ratione?
855 1689 955 1750 certa
973 1679 1033 1750 illa
1049 1697 1138 1772 praa-

68 1777 281 1871 sumptione
312 1778 387 1850 hoc
416 1795 483 1850 eoa
511 1773 695 1849 instituisse
720 1775 936 1870 portendit,
973 1795 1043 1868 qua
1076 1771 1137 1854 aiii

72 1877 185 1954 etiarn
205 1880 303 1950 carni
321 1891 363 1949 ut
380 1877 554 1950 vicariurn
569 1873 740 1970 baptisma
758 1873 946 1968 profutura
964 1873 1140 1952 existina-

71 1989 160 2050 rent
174 1977 219 2050 ad
230 1974 328 2071 speru
344 1971 629 2068 resurreetione,
648 1995 726 2067 qua
737 1971 801 2048 nisr
816 1977 1038 2068 corporalia,
1056 1997 1137 2053 nort

73 2075 140 2152 nifi
158 2077 244 2150 aliar
259 2077 296 2149 in
311 2074 520 2169 baptismate
537 2071 718 2168 corporali
734 2075 963 2172 obligaretur.
1013 2077 1088 2174 Qui
1099 2075 1138 2152 bt

71 2174 172 2271 ipsor
196 2175 372 2269 baptizari
395 2175 463 2248 ait:
495 2172 629 2267 idest,
662 2171 785 2248 irnon
806 2195 883 2265 quae
908 2176 1137 2270 baptizantur

74 2293 236 2370 corpora
256 2271 468 2372 resurgunt?
494 2273 736 2358 Animaenirn
752 2293 830 2346 non
846 2275 1050 2358 lavatione,
1075 2277 1137 2354 sed

73 2370 311 2469 responsrone
325 2371 492 2450 sancitur.
543 2376 634 2468 Quia
645 2371 685 2450 t)
700 2373 938 2567 πωρἱᾳιιίυ,
956 2379 1041 2447 atini
1053 2380 1136 2452 hora

73 2475 312 2574 periclitamur,
330 2476 456 2565 utique
474 2493 540 2570 per
555 2493 710 2549 carnem.
790 2477 905 2544 uariare
918 2481 1048 2560 morior,
1067 2479 1138 2551 uti.

75 2595 150 2666 que
173 2575 342 2668 periculis
365 2571 498 2666 carnia,
525 2593 590 2667 per
605 2571 758 2664 quarn&
773 2573 994 2670 depugnavit
1012 2576 1056 2650 ad
1074 2579 1138 2652 be·
1187 2572 1192 2581 '

74 2673 158 2748 ffiaa
175 2669 332 2768 Epiust,
367 2673 443 2746 illas
467 2670 605 2747 scilicet
623 2669 751 2746 bestias
773 2669 936 2747 Aiiaticae
958 2675 1137 2774 pressure,

75 2773 122 2848 de
137 2793 209 2866 qua
224 2776 263 2846 in
280 2761 434 2848 secturda
449 2773 494 2848 ad
509 2771 674 2848 eoadem:
700 2775 859 2846 Nolumus
874 2780 955 2846 num
974 2801 1032 2848 vas
1050 2783 1138 2874 έχω-

76 2899 150 2946 rare
169 2871 296 2966 fratres
321 2873 357 2944 da
377 2869 519 2970 prafflrra
541 2875 646 2972 mssra
674 2869 762 2970 apud
777 2873 905 2970 Afiam,
939 2881 1018 2974 qaod
1039 2879 1138 2976 super

75 2995 173 3072 quarn
189 2976 416 3070 supragravati
423 2973 533 3062 samur
549 2980 634 3044 citra
647 2977 752 3060 viras,
778 2985 829 3045 arr·
846 2975 881 3046 da
894 2981 967 3048 vita
980 2979 1138 3076 haefitarrss

74 3100 158 3146 rear.
210 3073 343 3146 Omnia
361 3073 464 3163 haec,
489 3071 553 3148 nii]
568 3072 694 3164 fallor,
721 3093 768 3144 eo
784 3091 992 3168 enumerat,
1015 3091 1056 3149 ut
1070 3099 1139 3152 no.

75 3175 158 3248 lena
180 3191 311 3246 vanam
331 3172 428 3244 credi
448 3175 563 3246 carnia
583 3169 909 3268 confliiiationenr,
935 3177 1138 3254 indubitate
1206 3230 1217 3251 s

70 3275 172 3350 uelit
194 3273 293 3346 credi
314 3274 428 3344 carnis
455 3268 760 3348 resnneuionen.
821 3273 928 3350 Vana
955 3277 1050 3350 euir'n
1075 3277 1139 3351 ba·

76 3371 198 3450 banda
225 3369 277 3445 est
298 3367 520 3444 confliitatio
545 3373 646 3464 ejus,
686 3373 787 3464 cujus
812 3375 910 3448 nulla
935 3377 1004 3448 erit
1026 3376 1138 3451 resur-

75 3471 204 3548 ῐεᾶἰο.
255 3469 326 3546 Sed
336 3469 440 3544 'dicet
452 3473 547 3563 quia:
572 3473 728 3565 Quomodo
742 3471 1053 3568 rasurgeutmarrtu',
1078 3501 1140 3576 qtto

76 3591 326 3750 &aiiii-'r‘
341 3565 681 3766 vatiuati?
698 3571 1142 3750 ittittitrtut·

70 3773 150 3848 Sed
172 3789 257 3846 cum
278 3771 454 3864 eiusmodi
474 3767 621 3866 questio
643 3769 823 3864 posterior
843 3775 1036 3860 habeatur,
1070 3777 1141 3850 suf·

73 3871 180 3952 neiat
210 3871 356 3949 interim
380 3871 532 3951 exrhoc
561 3891 709 3968 quoque
734 3875 963 3970 comerrien
997 3873 1139 4048 offiniri

976 3993 1015 4048 re
1032 3997 1087 4048 ur·
