2926 4372
23 270 24 284 '
123 281 128 303 ¹
177 218 241 242 ’
378 272 449 374 196
514 262 1295 369 Q.Srnr.l⁴'roa.‘l'rnrurararrr

257 500 261 512 .
375 430 569 525 requiritur
581 451 602 503 a
614 427 698 502 Deo
713 449 818 520 quam
834 427 1020 522 ethnicus,
1048 427 1191 521 quando
1207 441 1441 502 revocatura

71 523 155 600 ἰ
248 611 251 626 ,
376 528 545 611 Christo?
565 529 733 620 Denique
751 528 932 601 antecedit
948 528 1007 600 hic
1025 528 1119 601 ordo
1135 524 1361 602 inethnicis.
1395 529 1442 601 Si·

376 632 520 726 quidem
547 649 625 702 non
649 629 752 701 aliter
774 625 961 703 Christiani
985 650 1030 701 ex
1052 629 1203 701 ethnicis
1226 626 1354 721 fiunt,
1382 627 1441 702 nii

375 733 474 829 prius
487 729 639 825 perditi,
666 727 700 800 dr
718 748 739 799 a
756 725 843 801 Deo
860 727 1039 821 requisiti,
1067 728 1102 800 ἀ
1118 750 1138 800 a
1157 726 1301 800 Christo
1319 748 1441 821 repor-

374 834 453 906 tati.
504 828 558 901 lta
574 828 681 901 etiam
696 829 793 900 hunc
809 826 972 903 ordinem
990 825 1122 901 servari
1141 841 1319 921 oportet,
1345 830 1442 902 utin

356 929 442 1006 veos
467 930 540 1002 tale
566 926 698 1018 aliquid
730 926 1008 1019 interpretemur
1039 928 1076 999 in
1102 927 1228 1019 quibus
1253 927 1358 1019 prius
1384 925 1439 1002 eli.

374 1032 430 1102 At
445 1043 487 1101 tu
507 1029 641 1122 opinor
657 1028 729 1100 hoc
751 1027 870 1121 velis,
896 1041 939 1099 ut
958 1048 1068 1099 ovem
1087 1046 1163 1099 non
1180 1020 1352 1123 de‘grege
1367 1023 1440 1122 per·

375 1129 486 1202 ditam
512 1127 677 1218 faceret,
710 1123 769 1198 scd
795 1126 840 1201 de
865 1146 947 1198 arca
973 1129 1033 1199 vel
1060 1128 1222 1202 armario
1283 1126 1349 1198 Sic
1385 1127 1442 1202 eti

374 1230 606 1303 ethnicorum
628 1225 804 1319 reliquum
828 1246 1013 1299 numerum
1038 1223 1141 1300 istum
1162 1226 1232 1319 ait,
1260 1245 1345 1299 non
1359 1229 1441 1301 ideo

375 1327 595 1432 Christianop
621 1324 691 1399 effe
713 1323 870 1400 ostendit
894 1347 975 1399 cum
989 1325 1119 1421 Judaeis
1141 1346 1270 1422 agens,
1300 1326 1337 1399 dr
1360 1329 1461 1407 illut

317 1497 323 1503 ,
375 1450 458 1502 cum
488 1428 640 1500 maxime
666 1426 903 1518 obtundens,
949 1426 1047 1517 quod
1072 1425 1347 1520 indignarentur
1375 1427 1461 1522 spei¹

374 1527 628 1602 ethnicorum:
667 1524 727 1598 sed
757 1543 800 1598 ut
830 1527 1048 1622 exprimeret
1081 1522 1247 1598 adversus
1280 1526 1442 1601 livorem

147 1652 152 1683 ε
242 1614 245 1629 ’
368 1612 628 1701 'Pharisaeorum
656 1627 750 1699 suam
776 1627 924 1721 gratiam
950 1624 1304 1698 &benevolentiam
1335 1628 1442 1701 etian

375 1727 470 1800 circa
487 1747 599 1800 unum
616 1726 820 1818 ethnicum,
846 1725 1038 1820 praeposuit
1052 1724 1155 1798 unius
1169 1727 1384 1816 peccatoris
1399 1725 1441 1799 sa

339 1871 341 1874 ·
372 1827 487 1901 lutem
501 1847 546 1899 ex
563 1827 795 1919 penitentia,
822 1846 926 1917 quam
944 1827 1088 1897 illorum
1104 1846 1148 1898 ex
1163 1821 1312 1916 justitia.
1367 1825 1441 1898 Aut

1 1894 2 1912 ¹
170 1890 177 1990 '1‘
223 1927 227 1932 ’
352 1923 535 2017 nunquid
557 1945 634 1996 non
654 1922 735 2015 justi
752 1925 886 2020 Judaei,
911 1925 1088 2016 &quibus
1111 1925 1325 2017 poenitentia
1349 1946 1441 2020 opur

373 2047 451 2098 non
476 2022 585 2114 ellet,
617 2024 790 2096 babentes
812 2025 1051 2120 gubernacula
1074 2021 1262 2116 disciplinae
1281 2023 1319 2096 da
1337 2026 1443 2099 tirno

373 2128 421 2196 ris
438 2121 667 2196 instrumenta
690 2124 806 2218 legem
827 2121 861 2196 u
881 2122 1106 2215 Prophetas?
1133 2121 1253 2196 Posuit
1267 2122 1387 2219 igitur
1407 2126 1442 2200 il-

372 2223 432 2297 los
453 2223 491 2294 in
514 2222 706 2316 parabola,
740 2221 815 2295 &si
838 2242 915 2309 non
936 2224 1057 2314 quales
1081 2236 1202 2316 erant,
1235 2220 1298 2295 sed
1321 2228 1442 2316 quales

374 2321 446 2397 elie
470 2322 692 2414 debuerant,
725 2343 798 2414 quo
817 2323 926 2418 magis
950 2319 1268 2416 suffunderentur,
1303 2325 1387 2396 aliis
1413 2325 1443 2397 dr

373 2444 451 2498 non
466 2422 528 2496 fibi
542 2422 789 2515 penitentiam
802 2421 986 2494 audientes
1003 2421 1239 2497 neceiiariam.
1279 2419 1442 2497 Proinde

375 2522 552 2596 drachma*
573 2523 780 2614 parabolam
799 2534 842 2594 ut
872 2543 917 2595 ex
939 2523 1062 2596 eadem
1085 2523 1232 2596 materia
1255 2543 1442 2617 provoca·

373 2635 471 2712 tam,
498 2642 598 2714 aeque
614 2621 652 2694 in
671 2622 852 2694 ethnicum
867 2622 1162 2716 interpretamur,
1190 2625 1253 2717 etii
1269 2624 1308 2694 in
1330 2624 1442 2698 domo

374 2719 527 2795 amissam
547 2721 640 2812 quasl
663 2722 700 2793 in
715 2719 891 2814 Ecclesia,
918 2721 980 2794 etsi
1002 2722 1046 2794 ad
1070 2720 1225 2794 lucerne
1242 2724 1374 2796 lumen
1395 2744 1444 2796 rc·

371 2835 512 2915 pertam
529 2820 622 2911 quasi
640 2816 682 2892 ad
699 2819 770 2894 Dei
785 2821 947 2897 verbum.
992 2821 1128 2912 Atquin
1144 2834 1245 2893 totus
1265 2823 1330 2894 bic
1346 2845 1443 2896 mun

347 2972 353 2982 ·
373 2920 440 2995 dus
461 2941 532 2992 una
553 2919 713 2993 omnium
738 2921 866 2998 domus
892 2918 962 3010 est,
992 2921 1028 2993 in
1051 2942 1125 3013 quo
1150 2924 1261 3013 magis
1288 2924 1443 2997 ethnico

373 3023 486 3119 gratia
502 3017 573 3091 Dei
587 3021 744 3113 inlucet,
776 3021 835 3112 qui
857 3021 894 3092 in
916 3022 1074 3093 tenebris
1093 3020 1308 3115 invenitur,
1339 3043 1444 3115 quan

375 3117 576 3193 Christiano
603 3119 663 3210 qui
682 3120 754 3212 jam
776 3122 814 3192 in
831 3118 903 3193 Dei
920 3121 1001 3192 luce
1021 3119 1081 3194 est.
1131 3117 1305 3211 Denique
1326 3121 1366 3193 dr
1383 3120 1445 3195 ovi

24 3189 46 3268 l,
63 3237 86 3326 '1
132 3204 175 3285 2⁹
264 3300 270 3311 ι
374 3219 410 3291 &
428 3217 603 3293 drachmae
622 3239 712 3292 unus
737 3239 840 3292 error
862 3217 1080 3294 adscribitur.
1131 3215 1226 3293 Nam
1252 3221 1277 3294 fi
1301 3221 1389 3313 jam
1412 3223 1448 3294 in

374 3316 610 3392 Christianum
634 3332 864 3410 peccatorem
889 3315 1182 3414 defingerentur,
1218 3319 1304 3412 post
1334 3317 1449 3395 fidem

372 3415 602 3510 perditam&
622 3417 751 3490 iterata
771 3417 900 3492 amillio
923 3440 1051 3492 eorum
1073 3417 1308 3492 &restitutio
1340 3438 1449 3495 notro

23 3483 29 3514 '
83 3461 86 3468 Α
130 3525 166 3536 ’
236 3541 239 3550 ·
372 3529 484 3593 retur.
534 3515 719 3589 Decedam
732 3538 829 3590 nunc
852 3517 1027 3612 paulisper
1046 3518 1090 3590 de
1108 3517 1219 3615 gradu
1235 3517 1341 3614 isto,
1373 3541 1448 3614 quo

371 3616 482 3710 magis
506 3637 588 3691 eum
610 3618 717 3705 etiam
743 3615 954 3691 decedendo
979 3619 1261 3713 commendem,
1278 3642 1377 3694 curn
1404 3621 1448 3694 lit

373 3735 519 3807 quoque
548 3716 739 3789 obduxero
774 3716 933 3807 diversa
952 3718 1061 3811 partis
1095 3714 1446 3813 presumptionem:

372 3814 529 3887 condico
554 3814 790 3891 Christianum
824 3818 897 3910 jam
931 3832 1160 3911 peccatorem
1189 3818 1227 3890 in
1263 3819 1448 3913 parabola

370 3927 521 4007 utraque
534 3915 727 4014 portendi,
752 3937 830 3997 uon
845 3931 966 3995 tamen
979 3918 1064 3993 ideo
1078 3938 1161 3995 eum
1174 3914 1461 4008 marm,

1329 4040 1401 4115 qur
