2412 4330
129 187 818 294 rrvtnarnrnusva’tannra.
929 233 999 314 109

22 383 66 466 u,
84 393 149 451 non
164 373 328 472 responso
349 397 601 474 expungemus.
653 373 728 452 Ubi
743 377 836 452 enim
850 375 997 474 gradum
1083 409 1085 417 ⁴

22 477 96 550 linus
111 477 150 549 de
164 477 325 572 Apostoli
340 475 499 550 absoluta
512 469 744 572 diffinitione,
761 493 904 552 omnem
922 499 996 550 rnu-

22 577 181 650 renetiam
200 577 315 650 omnis
336 577 447 650 atatis
469 577 762 672 intelligendam:
787 569 995 672 responderi

22 675 148 760 ¹[diverso
165 675 336 768 habebat,
364 697 451 771 ergo
470 678 693 750 anativitate
708 678 776 750 &a
794 675 911 768 primo
929 695 996 748 no·

22 771 60 846 be
77 779 196 870 eutis,
232 777 406 872 virginem
430 776 771 870 operiri'oportere.
828 770 918 849 Non
944 775 996 852 ita

22 865 154 970 laurera,
185 871 242 950 sed
259 898 305 948 ex
320 897 394 967 quo
412 871 446 950 se
462 877 661 971 intelligere
669 873 847 970 caeperit,
874 871 997 948 &sen-
1108 888 1110 896 '

22 991 45 1047 u
62 987 170 1046 nature
186 975 254 1048 suae
269 975 423 1068 intrare,
448 971 539 1047 &de
556 975 703 1072 virginis
724 975 843 1065 exire,
870 971 903 1046 dt
920 971 995 1066 pati

22 1089 95 1147 uum
109 1073 205 1167 illud,
233 1076 334 1167 quod
347 1075 490 1146 alterius
506 1075 617 1146 atatis
632 1073 693 1150 est.
744 1071 841 1146 Nam
856 1069 890 1145 bt
903 1074 995 1165 prin·
1036 1118 1042 1138 r

22 1189 60 1264 pes
73 1177 190 1268 generis
205 1173 323 1248 Adam
341 1171 376 1245 ἃ
396 1169 494 1266 Eva,
522 1171 686 1264 quamdiu
702 1171 885 1246 intellectu
900 1193 996 1246 care·

22 1273 69 1362 bt,
85 1271 156 1346 nudi
171 1271 333 1371 agebant.
384 1270 436 1344 At
450 1273 512 1344 ubi
527 1274 570 1346 de
587 1275 716 1346 arbore
729 1273 920 1368 agnitionis
934 1293 997 1368 gu·
1135 1314 1139 1330 ι
1162 1237 1166 1248 ⁸

22 1363 146 1466 iterant,
167 1375 252 1446 nihil
270 1375 421 1466 primum
440 1369 641 1462 senscrunt,
668 1395 772 1465 quam
786 1368 997 1446 erubescen-

22 1461 59 1544 lut
104 1469 149 1546 lta
162 1471 210 1546 sui
228 1471 290 1566 qui
315 1494 360 1544 ue
378 1472 477 1544 sexus
492 1469 732 1564 intelledium,
760 1473 915 1568 tegmine
929 1491 997 1544 no·

22 1571 126 1678 remnt.
171 1571 239 1646 Sed
255 1495 327 1646 &ir
342 1585 493 1666 propter
509 1573 654 1668 angelos
667 1571 820 1644 velanda
838 1569 914 1666 est,·
922 1569 996 1644 fine

22 1655 122 1752 duab
143 1693 181 1744 ea
200 1687 307 1745 aetate
329 1671 387 1744 lex
406 1671 592 1744 velaminis
616 1671 849 1764 operabitur,
883 1693 903 1742 a
927 1691 996 1762 qua

22 1765 141 1842 meunt
156 1769 236 1844 filiae
257 1771 442 1846 bominum
465 1767 788 1866 concupiscentiam
811 1767 861 1842 sui
888 1769 996 1846 addu-

22 1877 77 1957 δὲ,
89 1867 253 1965 &nuptias
269 1873 355 1964 pati.
405 1865 461 1942 Ex
474 1872 539 1943 illo
556 1871 649 1944 enim
664 1873 769 1964 virgo
787 1867 930 1962 definit,
950 1889 997 1944 ex

22 1959 156 2056 lopanst
178 1993 256 2044 non
281 1969 361 2044 else.
411 1968 461 2042 Et
479 1971 563 2043 ideo
585 1991 693 2063 penes
713 1967 816 2042 lsrael
834 1969 997 2042 illicitum

22 2055 85 2136 lu
96 2069 190 2144 virum
210 2071 377 2162 tradere,
402 2069 463 2142 nisi
483 2069 563 2162 post
582 2068 814 2142 contestatam
829 2065 997 2166 sanguine
1077 2150 1083 2159 ¹

22 2163 195 2270 multtum:
228 2173 281 2244 ita
300 2185 383 2242 ante
405 2167 501 2242 hunc
522 2169 694 2264 indicem,
721 2169 847 2242 acerba
861 2189 917 2241 res
933 2165 996 2244 est.
1088 2160 1100 2176 “

23 2275 44 2426 ᾖ
90 2265 183 2344 litam
202 2271 266 2344 diu
289 2269 418 2365 virg0,
446 2270 610 2362 quamdiu
626 2268 753 2341 acerba
773 2267 844 2362 est,
872 2267 996 2342 definit

44 2361 146 2462 giren,
176 2391 256 2444 cum
288 2383 427 2444 matura
454 2365 712 2464 cognoscitur,
752 2367 815 2461 u,
853 2384 997 2440 utnon

23 2451 255 2568 igo,jan·1egi
278 2469 492 2566 applicatur,
525 2467 613 2542 ficut
632 2468 664 2540 ἂ
680 2469 822 2563 nuptiis.
874 2463 924 2537 Et
937 2465 997 2538 de·

24 2557 122 2636 unsara
141 2571 278 2661 quidem
301 2569 434 2642 habent
454 2570 656 2660 exemplum
680 2563 883 2658 Rebecca,
919 2585 997 2658 quaa
1136 2575 1140 2582 '

24 2655 99 2760 mad
111 2663 258 2758 sponsum
276 2669 441 2765 ignotum
460 2667 573 2741 adhuc
588 2669 712 2763 ignota
727 2665 997 2760 perduceretur,

25 2762 69 2832 ml
82 2762 170 2856 ipsum
186 2769 369 2867 cognovit
387 2765 478 2859 elle,
505 2789 609 2860 quem
632 2767 677 2840 de
696 2765 896 2862 longinquo
916 2784 999 2860 per·

25 2873 130 3028 gerat:
151 2889 220 2941 non
240 2867 403 2942 sustinuit
419 2867 573 2940 dexterae
592 2865 902 2958 collubiationem,
927 2859 998 2939 neb

26 3042 33 3062 .
62 2959 80 3032 li
91 2967 372 3064 congressionem,
388 2982 455 3039 nec
471 2965 690 3038 salutationis
705 2964 999 3042 communicatio,

26 3071 79 3154 5³¹¹,
104 3061 356 3160 inconfessa,
390 3069 487 3158 quod
514 3063 691 3156 senserat,
723 3065 760 3138 id
793 3063 844 3138 est
876 3062 1000 3154 spiritu

26 3157 127 3265 imm,
147 3169 289 3265 negavit
310 3169 507 3264 uirginem,
533 3167 654 3240 velata
669 3165 810 3240 ibidem.
871 3161 907 3234 O
925 3181 1001 3234 mu·

109 3263 167 3354 jam
196 3269 240 3342 de
269 3266 398 3340 Christi
431 3264 622 3358 disciplina.
692 3263 858 3340 Ostendit
890 3262 999 3356 enim,

26 3257 209 3524 Flumina
228 3369 275 3442 de
293 3365 430 3459 aspeuu
448 3367 481 3438 bc
499 3365 617 3439 animo
637 3361 738 3457 fieri,
774 3357 1000 3456 quemadmo-
1041 3395 1046 3402 ·

74 3457 219 3556 stuprum:
245 3465 309 3542 nist
329 3466 426 3556 quod
444 3468 549 3540 etiam
563 3466 764 3540 Rebeccam
784 3461 923 3554 quidam
942 3459 1000 3534 ad·

27 3523 171 3656 ,hirriant
221 3569 284 3642 De
306 3567 582 3658 cetetonem,
616 3565 651 3638 id
676 3563 726 3637 est
747 3583 823 3654 qua
850 3559 1001 3654 despon-

28 3657 69 3724 ¹¹²
84 3675 134 3769 illu
148 3664 246 3762 sunt,
274 3665 407 3740 viderit
425 3679 612 3758 parentum
632 3660 927 3756 procrastinatiO,
954 3672 1002 3734 ex

28 3747 125 3932 Ψ
142 3771 195 3842 rel
224 3767 495 3859 scntpulolitate
524 3762 766 3856 descendens,
805 3762 939 3834 viderit
966 3757 1002 3830 bt

98 3869 308 3944 manentia
324 3877 464 3944 votum.
510 3863 612 3942 Nihil
625 3863 782 3960 pertinet
799 3861 843 3938 ad
859 3855 1001 4030 arfaxar
