2586 4334
112 211 169 278 '44
241 177 1005 286 msera.Fron-rennuerunt
1084 194 1087 202 '

112 343 265 440 lecedr't‚
298 362 402 438 quam
421 341 496 420 sola
517 343 744 438 decucurrit,
769 343 856 418 illud
879 345 974 420 uude
996 343 1165 442 decedit,

112 449 210 522 ritam
238 446 331 520 hanc
357 443 451 519 dico.
513 441 623 534 Adeo
654 459 874 518 autemnon
904 441 1016 519 solum
1039 447 1161 520 anima

112 545 255 642 randgit
283 546 417 636 vitam,
442 555 484 616 ut
504 563 573 621 nec
599 545 776 640 eogitatus
799 545 887 618 licet
910 543 1033 637 soloe,
1067 547 1160 620 licet

112 665 173 720 ron
199 643 242 716 ad
267 642 433 738 effeclurn
454 663 519 738 per
541 664 683 720 carnem
710 639 881 720 deductos
906 645 1105 718 auferamus
1136 667 1158 719 a

112 745 255 839 :ollegio
277 745 402 819 carnis.
461 739 643 834 Siquidem
666 743 704 816 iu
727 763 854 834 carne,
881 741 1012 818 &cum
1029 764 1157 839 carne,

112 846 208 936 uper
227 863 369 916 carnem
387 842 500 940 agitur
517 845 561 914 ab
577 844 711 936 arima,
737 843 836 934 quod
849 843 964 938 agitur
976 845 1013 916 in
1028 843 1157 920 corde.

112 943 201 1018 dane
225 941 379 1036 denique
406 942 520 1016 carnis
543 940 723 1035 speciem,
755 962 872 1016 arcem
900 943 1020 1016 animae
1045 944 1158 1022 etiam

112 1043 263 1118 lominus
285 1043 322 1115 in
349 1039 631 1138 suggillationem
654 1043 875 1138 cogitatuum
897 1055 1006 1117 taxat.
1063 1043 1161 1138 Quid

112 1148 242 1239 ‘tgtlalr'r
260 1147 296 1214 in
315 1143 451 1226 cordibus
467 1141 578 1240 vtssrr‘s
597 1139 751 1239 aequanti
782 1135 854 1236 Et,
880 1145 949 1236 ,Qui
963 1141 1162 1236 conspexerit

112 1245 137 1314 td
154 1242 438 1339 tencuprfiendum
467 1247 538 1340 jam
560 1241 759 1314 adulteravit
785 1245 822 1312 in
846 1243 940 1330 corde.
990 1239 1161 1316 Adeo&

112 1328 170 1418 ibe
182 1363 295 1434 opere
303 1343 321 1434 ‚‘
334 1335 374 1416 'u
386 1339 461 1439 'fine
475 1339 627 1434 eliediu,
639 1329 642 1342 ’
653 1341 832 1436 cogitatus
849 1341 962 1414 carnis
980 1337 1030 1414 est
1047 1338 1163 1425 adius.

112 1441 169 1518 ied
181 1439 243 1516 etsi
256 1443 292 1514 in
307 1443 479 1533 cerebro,
498 1441 559 1514 vel
572 1445 610 1514 in
623 1441 742 1518 medio
756 1439 1022 1534 superciliorum
1038 1439 1165 1516 discri-

112 1544 216 1635 nine,
250 1543 310 1614 vel
329 1541 391 1614 ubi
410 1537 631 1634 philosophis
654 1539 796 1634 placet,
821 1539 1060 1633 principalitas
1082 1537 1160 1614 sen·

112 1639 196 1716 bum
212 1638 419 1715 consecrata
435 1637 505 1734 est,
531 1639 629 1732 quod
644 1639 921 1737 Hegemonicon
934 1639 1162 1734 appellatur:

112 1761 185 1814 aro
198 1741 267 1814 erit
281 1741 526 1816 omneanimae
541 1739 806 1837 cogitatorium.
834 1737 1026 1838 Nunquam
1041 1739 1163 1814 anima

112 1841 173 1914 ine
187 1859 293 1914 carne
305 1839 375 1932 est,
401 1835 568 1931 quamdiu
583 1839 619 1911 in
636 1857 743 1912 carne
756 1838 816 1914 est.
866 1837 967 1912 Nihil
982 1857 1056 1912 non
1074 1859 1164 1916 cum

112 1941 158 2014 lla
173 1939 268 2034 agit,
293 1938 365 2012 srue
384 1959 454 2032 qua
474 1958 551 2012 non
564 1937 633 2011 est.
685 1939 815 2034 Quaere
832 1937 948 2018 adhuc
963 1921 1162 2034 an'cogita'·

112 2059 156 2110 :us
180 2025 406 2130 quoque’per
425 2057 567 2112 carnem
585 2033 890 2129 administranturq
916 2039 976 2129 qui
997 2057 1060 2130 per
1082 2057 1161 2111 car·

112 2133 423 2210 remdinoscuntur
438 2129 667 2216 extrinsecus.
711 2135 869 2210 Volutet
883 2136 1012 2228 aliquid
1026 2138 1160 2232 anima,

113 2237 221 2312 nrltua
232 2249 404 2328 operatur
419 2233 606 2308 indicium:
621 2232 730 2308 facies
740 2235 982 2312 intentionum
996 2240 1160 2314 omnium

113 2333 355 2433 pecuumest.
383 2344 384 2348 ’
407 2332 554 2430 Negent
573 2332 749 2410 seclorum
762 2333 992 2430 societatem,
1020 2339 1077 2410 cui
1095 2360 1161 2412 ne·

113 2457 184 2532 gare
203 2455 281 2510 non
303 2427 447 2528 poliunt
471 2435 726 2531 cogitatorum.
787 2431 906 2508 Erilli
930 2435 1072 2528 quidem
1096 2435 1160 2513 de·

113 2535 313 2628 inquentias
327 2537 441 2606 carnis
456 2549 681 2608 enumerant:
700 2555 795 2631 vergo
816 2537 998 2628 peccatrix
1019 2537 1165 2610 tenebi-

113 2653 157 2708 ut
172 2631 356 2728 sttpplicio.
408 2629 491 2708 Noe
506 2653 598 2708 vero
613 2635 718 2706 etiam
734 2636 887 2709 virtutes
904 2635 1018 2730 carnis
1040 2658 1163 2732 oppo-

114 2735 234 2807 umus:
266 2753 355 2828 ergo
374 2731 517 2808 &bene
534 2748 682 2830 operata
702 2729 884 2806 tenebitur
897 2735 1057 2832 premio.⁸
1106 2731 1163 2812 Et

114 2833 256 2908 inaura
274 2831 350 2926 est,
385 2855 461 2925 quae
485 2833 557 2929 agit
583 2833 617 2906 u
641 2833 792 2923 impellit
810 2831 847 2906 in
867 2835 1010 2926 omnia,
1039 2837 1163 2910 carnia

114 2929 307 3026 >bsequium
331 2931 393 3008 est.
450 2933 570 3008 Deum
594 2951 669 3005 non
692 2933 778 3004 licet
799 2947 861 3009 aut
879 2933 1044 3025 injustum
1066 2929 1164 3028 judi-

114 3052 179 3110 :em
194 3031 313 3124 credi,
340 3045 402 3106 aut
417 3033 580 3108 inertem.
605 3081 607 3089 ,
630 3023 824 3126 Injustum‚
850 3032 872 3106 sr
890 3031 1020 3108 sociam
1037 3035 1163 3130 bono,

114 3155 175 3208 um
200 3151 352 3226 operum
372 3154 391 3203 a
412 3133 562 3224 premiis
585 3146 715 3207 arceat.
766 3131 945 3228 laertem,
978 3133 1003 3207 s1
1026 3125 1165 3226 sociam

115 3235 273 3308 aelorum
291 3253 312 3304 a
327 3229 504 3326 suppliciis
524 3229 706 3326 secernat,
739 3251 822 3306 cum
840 3233 993 3307 humana
1011 3229 1165 3310 censura'

115 3353 145 3404 ιο
173 3327 375 3425 profectior.
403 3331 596 3402 habeatur:
633 3351 707 3422 quo
732 3325 840 3406 etiam
866 3333 1045 3406 ministros
1076 3331 1166 3408 faeti

115 3433 269 3525 cujusque
291 3429 473 3524 deposcit,
507 3449 575 3502 nec
593 3447 764 3524 parcens,
799 3451 868 3505 nec
887 3433 1052 3506 invidens
1074 3433 1164 3530 iltis,

115 3549 171 3622 quo
186 3529 301 3604 minus
315 3525 612 3609 eumaudioribue
627 3545 689 3602 aut
702 3551 828 3626 poenae,
847 3547 909 3604 aut
924 3533 1046 3628 gratiae
1061 3553 1167 3609 com-

115 3630 280 3717 nunicent
295 3623 458 3704 frudun.

171 3731 225 3801 16.
253 3725 323 3800 Sed
345 3748 425 3801 cum
450 3726 637 3822 imperium
661 3725 802 3826 anima,
828 3725 1039 3824 obsequium
1061 3735 1166 3806 carni

119 3825 356 3924 isttibuimut2
384 3821 675 3924 prospiciendum
689 3823 768 3926 est,
800 3835 849 3926 ue
863 3831 900 3906 u
925 3831 998 3907 hoc
1022 3829 1088 3932 alia
1108 3853 1177 3935 arq-

945 3941 1114 4030 'gumen-
