2634 4336
1305 6 1316 164 l

157 177 235 284 378
316 181 367 280 Q.
389 177 525 258 Serre
552 175 692 258 From
723 172 1107 260 Trarottrrrr.
1159 232 1172 240 .

233 361 292 435 ³1·
318 339 395 436 er
417 359 512 416 vero
530 339 557 416 ir
575 363 624 418 ex
642 341 796 419 mortuis
817 337 918 432 vivi,
949 341 1076 432 utique
1094 336 1225 436 {iuguli

158 461 204 518 ex
221 441 376 540 lingulis.
426 441 656 538 Singulorum
679 463 769 539 ergo
795 459 993 534 corporum
1017 441 1154 532 anima,
1179 453 1226 516 ut

155 541 307 639 ungulas
324 543 360 616 iu
371 539 507 639 ungula
517 561 676 636 corpora
691 542 828 616 reverti
845 553 1073 635 oportuerat.
1100 537 1223 616 Porro

155 642 182 718 ii
199 641 340 716 &bium
356 641 391 716 dr
404 642 508 718 trioae
521 641 556 716 dt
571 643 685 736 quiuae
699 663 814 734 usque
827 661 904 714 uno
919 651 1027 716 utero
1043 637 1224 714 resumun-

82 769 85 776 ’
155 753 241 835 tur,
266 761 343 856 uon
360 756 467 816 erunt
482 763 527 817 ex
543 744 696 817 mortuis
711 741 791 814 vivi
807 795 833 856 ‚⁶
846 740 929 832 quia
943 760 1019 858 frou
1030 739 1159 835 singuli
1174 757 1223 820 ex

154 835 1223 1058 llrlulilhthhltlht‘lllh'{tullus

154 1039 376 1214 iuthi
392 1042 1224 1230 hhaeltltt‘hhhllhullllt

154 1237 270 1316 tufam
287 1253 514 1334 revertetur,
540 1243 644 1333 quale
656 1241 709 1316 est
721 1255 840 1318 autem
853 1254 895 1314 ut
909 1237 1016 1316 senex
1032 1235 1223 1314 heuneus

154 1339 519 1416 iufunsrevertaurri
544 1339 758 1418 lidecrescit
770 1341 861 1416 ioris
874 1343 991 1416 enims
1006 1336 1224 1434 retrograda

154 1451 281 1533 etate,
309 1442 572 1538 quantomagis
589 1456 669 1517 erat
681 1453 724 1515 ut
738 1441 955 1540 progreffior
970 1449 1223 1514 reverteretur
1315 1501 1316 1504 a

137 1539 250 1618 ‘mille
265 1537 347 1636 post
359 1539 488 1614 ruuisl
515 1539 625 1617 Certe
638 1543 699 1616 vel
717 1554 900 1616 coetaneo
913 1539 981 1616 suae
999 1540 1150 1634 mortis,
1177 1547 1223 1612 ut

155 1659 273 1716 evum
303 1639 402 1732 quod
424 1639 647 1736 reliquillet,
681 1643 812 1717 iterum
833 1639 1030 1734 recepisset.
1092 1635 1163 1714 Sed
1184 1633 1223 1712 dr

152 1737 179 1818 fi
196 1736 330 1814 eedem
346 1735 484 1838 semper
497 1743 799 1836 revolverentur,
826 1743 912 1816 licet
926 1761 1003 1828 nou
1020 1757 1223 1833 corporum

152 1859 300 1933 quoque
321 1837 457 1914 somnes
477 1840 641 1933 easdem,
667 1841 755 1916 licet
773 1861 851 1916 nou
869 1839 1063 1928 flatorumr
1093 1853 1221 1914 tameo

153 1958 300 2032 quoque
317 1937 434 2014 fortes
456 1938 568 2015 casam
589 1942 650 2014 vel
672 1942 899 2038 ingeniorum
914 1939 951 2015 dt
969 1941 1167 2016 studiorum
1182 1937 1220 2012 dr

153 2036 390 2130 adjeffionum
411 2037 573 2132 pristinus
595 2043 838 2134 proprietates
860 2037 978 2116 secum
998 2039 1137 2114 referre
1159 2037 1222 2114 de·

151 2137 302 2230 berent,
333 2137 504 2230 quoniam
523 2152 660 2216 temere
680 2139 812 2216 eodem
830 2138 1070 2232 haberentur,
1096 2156 1221 2212 eurem·

150 2249 208 2311 tes
234 2235 287 2310 hia
319 2257 384 2331 per
415 2259 493 2332 quae
525 2237 649 2314 eadem
682 2241 936 2336 probarentur.
986 2237 1097 2314 Unde
1130 2235 1220 2312 scies

153 2331 330 2453 (inquis)
361 2357 408 2454 art
437 2339 497 2456 itu·
519 2339 662 2456 quidem
693 2337 759 2414 fiat
791 2342 964 2434 occulte,
998 2337 1059 2413 sed
1094 2338 1221 2452 condit
1277 2399 1283 2406 .

142 2437 223 2630 lh
241 2437 413 2634 hihi
429 2435 1221 2631 uibllihtlhitlilu‘hhh

151 2639 203 2714 itu
223 2633 326 2732 fieri,
358 2657 468 2730 quum
493 2637 608 2733 Pytha
633 2660 754 2734 oram,
786 2637 1027 2736 Euphorbum
1045 2638 1130 2715 mihi
1153 2657 1222 2732 op·

151 2736 271 2836 ponis.
330 2735 431 2812 Ecce
464 2740 559 2816 euim
648 2740 828 2836 phorbum
853 2739 1042 2812 militarem
1074 2737 1118 2812 dt·
1143 2737 1222 2812 bel·

150 2835 256 2914 licum
287 2838 437 2912 ahimam
468 2835 549 2914 satis
582 2839 723 2913 constat
748 2841 809 2913 vel
837 2837 881 2912 de
906 2837 979 2931 ipse
1005 2837 1120 2935 gloria
1143 2840 1221 2932 elye

146 2955 305 3032 peomm
333 2935 646 3014 consecratorum:
671 2937 913 3034 Pythagoram
941 2958 1036 3010 vero
1060 2949 1134 3013 tom
1161 2956 1220 3012 res

1 3039 2 3044 '
135 3035 259 3112 ‘iidem
283 3035 318 3110 dr
344 3037 553 3134 imbellem,
577 3051 625 3112 ut
645 3039 764 3131 prelia
789 3053 878 3112 tuno
899 3033 1047 3112 Greciae
1069 3039 1219 3134 vitans,

150 3133 262 3214 ltaliae
288 3136 454 3210 maluerit
479 3139 635 3232 quietem
652 3137 878 3213 ¹Geometriae
893 3137 929 3210 dr
943 3135 1163 3232 Astrologiae
1180 3135 1221 3212 dr

149 3233 297 3312 btuuro
315 3236 498 3330 deuotus,
534 3237 668 3311 alienus
685 3233 807 3311 -studio
836 3237 871 3310 dt
897 3233 1029 3312 affeetu
1049 3233 1220 3329 Euphorl

149 3333 200 3410 bi.
250 3333 320 3410 Sed
350 3335 386 3409 u
410 3335 567 3431 Pyrrhus
602 3333 670 3408 ille'
694 3335 858 3412 fallendis
883 3334 1036 3432 piscibus
1064 3336 1219 3432 agebat,

148 3429 372 3533 Pythagoras
395 3453 525 3512 contra
539 3457 608 3510 uec
629 3435 798 3530 edendis,
822 3449 867 3510 ut
886 3435 1093 3510 animahbus
1113 3433 1219 3510 obsti·

149 3553 252 3614 neos.
303 3533 511 3610 Aethalides
532 3549 651 3616 eutem
668 3535 702 3608 u
719 3535 968 3612 Hermotimus
988 3537 1108 3610 fabam
1125 3555 1219 3626 quo·

149 3633 288 3726 quein
320 3636 458 3728 pabulis
491 3635 744 3714 communibus
775 3638 954 3710 irruerat:
990 3633 1217 3730 Pythagoraa

148 3751 244 3806 vero
271 3753 317 3804 ue
340 3753 406 3824 per
430 3735 559 3810 fuholia
585 3735 733 3828 quidem·
752 3735 1011 3810 transeundum
1035 3731 1219 3828 <dicipulis

76 3937 78 3944 Α
145 3825 217 3910 luis
235 3830 391 3914 tradidit.
442 3834 644 3944 Quomodo
663 3855 753 3942 ergo
774 3835 907 3916 eedem
923 3855 1048 3986 emor?
1064 3852 1220 4011 ffipe'
