2596 4346
41 310 43 314 ¹
156 287 230 382 706
302 245 1076 393 Q.Srrr.Ft'on2T'rnruuc1anrt1
1180 311 1183 318 ·

156 443 231 520 Cur
247 457 320 520 tam
340 441 420 518 sero
437 447 516 540 pius
536 446 708 542 vigilans,
734 443 943 539 semperque
962 441 1172 556 benignuus
1190 455 1225 552 '0

86 607 90 614 .
156 547 231 642 Qui
247 565 429 636 nunquam
449 547 545 639 prius
561 547 716 618 omnino
733 543 768 619 se
785 546 937 646 prebuit
951 548 1026 621 ulli.

154 642 376 720 Transmisso
394 665 569 740 numero,
596 645 734 718 alienos
752 667 817 718 ore
832 645 1017 737 requirens
1057 649 1064 658 '

154 743 352 836 Nunquam
368 743 595 836 clipeumue,
622 765 700 818 non
717 759 844 822 notus.
880 741 997 820 missus
1022 747 1059 818 in
1079 749 1215 828 orbetur

208 867 240 938 3.
263 842 383 916 P'uslor
398 865 508 917 ovem
524 865 699 938 quaerens,
728 863 831 941 quam
848 863 925 918 non
946 841 1107 918 amiserat
1120 859 1217 944 ante,
1255 883 1269 896 ·

153 943 295 1020 Debuit
312 957 441 1018 exutus
458 958 628 1039 carnem,¹
655 945 749 1036 quasi
768 939 904 1034 vietor,
928 957 970 1016 ut
984 944 1058 1036 ipse
1208 971 1211 978 ·

153 1046 328 1138 Spiritus,
354 1057 396 1118 ut
412 1041 529 1118 fuerat
543 1043 701 1139 semper,
727 1044 1070 1135 talesquesvoiebat.

154 1141 294 1220 Omnes
309 1141 470 1239 expulsas
488 1145 623 1217 animan
639 1145 712 1220 srnc
726 1161 885 1236 corpore
903 1139 1021 1235 passm

54 1277 56 1282 ·
152 1238 327 1339 Eripere,
350 1244 544 1316 &carnem
563 1240 750 1338 spoliatam
768 1244 933 1334 linquere
950 1253 1065 1316 terrae.

152 1342 239 1418 Une
254 1345 311 1418 die
329 1346 462 1436 puriter
479 1347 665 1436 complere
682 1343 858 1416 cadavere
874 1342 1067 1434 muudum,
1140 1415 1145 1424 ,

152 1441 342 1542 Evacuare
357 1444 505 1525 orbem,
535 1452 643 1534 astque
660 1445 793 1516 animas
812 1443 980 1514 attollere
996 1440 1103 1514 coeso.

151 1541 351 1640 Progenies
368 1541 555 1616 hominum
574 1541 670 1615 nasei
688 1539 845 1615 cessasset
864 1542 901 1614 sn
921 1559 1052 1632 unum,

151 1639 202 1716 Et
225 1644 322 1716 nulla
344 1639 494 1733 posthac
514 1645 655 1738 generis
678 1641 842 1736 prosapia
866 1638 975 1712 vestri

7 1801 13 1810 .
151 1739 252 1816 Nata
271 1735 385 1822 soret,
418 1741 625 1836 pestemque
641 1759 776 1816 novam
795 1738 937 1814 fudisset
954 1739 991 1810 in
1009 1735 1149 1817 orbem.

72 1927 78 1934 ,
150 1841 226 1916 Vel
246 1836 328 1933 qiria
344 1855 433 1914 tunc
452 1841 539 1914 nihil
556 1861 601 1914 ex
617 1843 671 1914 his
688 1839 816 1914 fastum
832 1837 1033 1912 ostenditur
1051 1837 1143 1934 esse,

150 1941 341 2015 Debuerat
356 1937 466 2013 finem
486 1943 609 2036 generi
628 1937 780 2014 statuisse
797 1939 942 2030 futuro,
1092 1966 1097 1974 ·
1217 1957 1222 1964 ·

54 2101 56 2108 a
108 2125 114 2134 ι
151 2039 336 2114 Connubis
353 2039 469 2112 solido
484 2041 695 2134 conplexus
712 2039 824 2112 corde
837 2033 1028 2132 replesset,

152 2137 307 2214 Fecisset
325 2151 472 2232 torpere
491 2141 614 2233 viros,
641 2139 714 2212 stne
729 2140 889 2234 germine
913 2133 1069 2232 nuens,

93 2234 101 2242 ’
150 2235 324 2312 Foeminei
347 2235 449 2310 sexus
475 2239 617 2312 cubitus
640 2237 772 2312 taedere
798 2235 966 2327 dedisset,

153 2333 347 2412 clausisset
367 2339 511 2431 penitus
529 2340 644 2411 carnis
665 2339 833 2434 genitalia
852 2337 1032 2429 membra,
1099 2333 1100 2337 '

150 2437 266 2512 Nulla
287 2439 458 2510 voluntas
480 2436 605 2511 nostro
626 2439 768 2532 animo,
794 2457 913 2529 neque
930 2431 1032 2530 posse
1051 2433 1218 2514 facultac

98 2571 99 2578 κ
151 2535 238 2610 Pon
252 2539 329 2609 haec
346 2535 509 2629 posset&
525 2537 676 2610 interior
691 2539 804 2612 horno
828 2537 994 2634 sanguine
1009 2533 1141 2627 J'unstis

151 2635 299 2712 Haerere
316 2636 449 2708 infusus
467 2637 583 2728 carni,
609 2637 819 2732 semperque
836 2639 980 2728 periret.
1222 2653 1236 2664 “
1292 2647 1294 2652 ’

151 2733 301 2828 Semper
319 2737 401 2808 ovis
420 2739 533 2828 perit,
560 2755 648 2832 ergo
661 2755 731 2808 nec
748 2733 798 2809 est
817 2735 957 2808 servare
974 2733 1169 2829 potestas?

152 2831 245 2906 Cum
264 2829 402 2925 semper
421 2831 583 2906 nascatur
598 2836 731 2928 homo,
757 2834 820 2908 sub
835 2837 984 2912 crimine
999 2837 1129 2912 mortis
1235 2869 1239 2876 ⁴

151 2931 266 3028 Quod
286 2931 433 3020 pastoris
451 2955 563 3028 opus,
591 2933 679 3008 srsrc
694 2933 845 3008 inventa
857 2933 1063 3009 docentur?
1237 2973 1240 2981 ·

49 3053 55 3081 ¹
149 3031 339 3121 lnquaesrta
357 3053 395 3104 er
419 3053 464 3122 ο,
491 3033 550 3107 sed
569 3055 645 3108 non
667 3049 792 3128 erepte
808 3037 991 3128 probatur.
1025 3093 1029 3102 .

151 3129 264 3204 Nunc
284 3150 374 3203 vero
389 3053 547 3205 §elesius
571 3133 690 3220 adest,
716 3135 902 3208 connubia
917 3135 1036 3229 adire,

150 3227 206 3303 Ut
221 3229 359 3324 semper
379 3231 467 3316 serit,
496 3251 604 3323 quem
620 3236 740 3323 junxit
756 3247 855 3308 certa
871 3227 1055 3330 propa'go,

149 3327 359 3404 Nascuntur
379 3324 505 3427 gentes
526 3331 559 3405 δι
583 3335 645 3414 vix
665 3335 888 3406 numerabile
908 3335 1062 3430 vulget,
1081 3367 1084 3374 ¹

149 3425 351 3521 Accipiunt
374 3432 506 3504 animus
526 3427 735 3504 nascentum
754 3451 910 3526 corpora
927 3427 1033 3508 uiva':
1058 3469 1059 3472 κ
1167 3474 1169 3480 ·

149 3524 234 3600 Nec
252 3525 398 3602 Paulum
415 3527 555 3624 decuit,
583 3533 745 3622 quamvis
766 3549 834 3624 pro
856 3545 1023 3628 tempore
1037 3535 1227 3628 quosdam

90 3641 93 3650 ‘
149 3624 316 3713 Hortari,
344 3629 448 3700 velut
464 3625 537 3721 ipse
553 3627 644 3722 suit,
674 3621 764 3724 'pate
784 3627 881 3705 sorte
901 3649 1075 3726 menere3
1100 3709 1107 3718 ,

149 3719 345 3816 Temporis
366 3725 498 3822 angusti
517 3749 669 3802 cernens
684 3727 849 3804 instantia
863 3734 996 3826 multa,
1228 3721 1232 3728 ’

60 3847 63 3859 ·
148 3819 245 3896 Nam
269 3839 411 3896 teneras
431 3827 515 3900 alias
530 3843 653 3901 aetrter
672 3831 810 3902 nubere
823 3827 940 3924 jussit,
970 3881 974 3890 -

147 3917 234 3996 Nec
250 3917 286 3998 se
306 3921 478 4024 scudem,
504 3924 565 4004 sed
581 3927 703 4017 debite
716 3927 871 4007 reddere
882 3927 1001 4030 pauo.
1080 4029 1120 4106 v
1217 3938 1239 3996 ·'

562 4079 571 4092 ·
1003 4042 1014 4074 ³
1076 4051 1178 4109 :ot
