2638 4342
180 245 256 344 ⁶94
328 241 376 342 Q.
402 235 537 316 Srrr.
561 226 702 316 Fron.
726 197 1090 318 Terruerunt

179 401 261 482 Esse
278 403 420 494 Deum,
447 399 603 476 ostendit
617 400 773 497 cunstis,
799 403 962 498 apparuit
977 421 1092 494 error,

179 500 277 581 Nam
293 503 439 578 madida
457 515 575 594 partes
590 500 714 576 hostiae
727 501 867 595 fluvio,
892 501 995 596 super
1013 521 1089 576 aras

180 603 241 678 De
257 603 350 675 coelo
365 603 552 696 precibus,
577 603 729 676 veniens
746 603 802 695 vi,
827 599 967 678 flamma
983 599 1162 678 comedit:

120 715 127 732 ¹
180 699 232 778 Et
250 703 392 794 quoties
406 702 549 792 voluit,
575 701 687 776 toties
705 701 779 776 ruit
795 703 883 798 ignis
904 703 947 774 ab
970 702 1057 777 alto.

180 801 314 877 Divisit
328 799 498 893 fluvium,
525 799 803 898 transgressus&
820 802 901 874 avia
916 799 1020 892 fecit,

180 899 349 976 Sublatus
367 919 473 973 curru
490 900 637 994 paradifi
656 899 780 975 vectus
799 901 835 974 in
849 901 964 974 aulam
981 897 1042 974 est.
1179 962 1184 974 .

179 999 298 1094 Hujus
319 997 507 1094 discipulus
522 999 627 1074 fortis
644 997 819 1074 successor
833 997 1011 1092 Heliseus,

183 1101 258 1202 Qui
275 1100 454 1192 duplicem
468 1097 556 1174 Eliae
572 1101 678 1193 petiit
693 1101 754 1174 srbi
776 1097 909 1174 sumere
928 1097 1074 1194 sortem,

180 1199 244 1274 Ad
260 1198 492 1298 castigandam
512 1199 680 1273 violento
697 1201 851 1272 verbere
868 1201 1024 1292 plebem,
1075 1227 1096 1272 s

181 1297 341 1374 Tantum
358 1319 427 1392 pro
442 1297 628 1391 Domino,
654 1298 815 1388 &talem
831 1297 979 1392 spiravit
1000 1317 1175 1374 amorem.

181 1397 341 1572 Eudamo
359 1397 547 1492 percusso,
573 1399 723 1491 pedibus
745 1401 805 1472 via
826 1395 918 1473 satla
935 1394 1124 1494 regressus,

223 1495 389 1572 emersam
407 1496 528 1570 fluvio·
542 1501 724 1572 relevavit
741 1500 844 1594 virga
857 1496 1020 1590 securim,
1140 1576 1148 1582 ,

102 1590 105 1599 “
181 1593 481 1690 Mortificumque
502 1599 620 1672 cibum
640 1601 678 1672 in
694 1599 842 1672 vitalem
858 1595 1037 1672 transtulit
1050 1595 1183 1694 eseam,

112 1759 119 1768 .
181 1695 353 1772 Detinuit
369 1698 509 1790 pluvias
529 1699 662 1772 iterato
681 1711 847 1792 tempore
863 1697 988 1792 duplo,

182 1795 450 1888 Mundavitque
465 1799 604 1890 lepras,
630 1796 749 1872 hostes
772 1799 922 1893 caligine
942 1797 1056 1892 cepit:
1160 1826 1164 1838 ¹

185 1895 295 1989 Cuius
313 1893 393 1990 post
412 1897 552 1970 obitum
565 1897 635 1990 jarn
659 1897 806 1970 condita
824 1897 983 1971 membra
1002 1895 1210 1992 sepulchr0‚

184 1993 357 2092 Abjeslus
376 1995 539 2087 quidam,
565 1993 734 2070 madatus
753 1997 849 2070 caede
865 1999 1059 2094 latronum,

184 2093 358 2172 Mortuus
376 2107 417 2166 ut
435 2095 576 2190 tetigit,
602 2110 776 2168 revocata
795 2099 875 2170 luce
891 2097 1036 2171 revixit.
1062 2190 1063 2196 ἵ
1162 2180 1166 2190 ,

235 2198 270 2267 6.
294 2191 436 2285 Esaias,
465 2195 627 2287 locuples
642 2207 767 2287 vates,
797 2197 854 2268 cui
872 2195 993 2270 sontes
1010 2202 1141 2292 aperti,
1182 2209 1189 2222 ·

71 2335 77 2342 ·
96 2303 110 2316 “
186 2289 281 2368 Tam
297 2292 480 2368 manifesta
493 2291 606 2388 fides,
633 2297 783 2375 verbum
801 2295 872 2370 Dei
891 2315 956 2370 ore
973 2299 1152 2394 profudit,

184 2391 372 2490 Largaque
387 2413 451 2486 per
465 2391 642 2470 Christum
656 2395 769 2468 Patris
786 2395 837 2470 eli
855 2395 1021 2490 promissa
1035 2401 1225 2495 voluutas,

184 2491 388 2566 Praetestata
406 2493 501 2568 viam
524 2495 626 2587 vita,
655 2509 762 2589 atque
777 2493 930 2589 probata
947 2517 1013 2590 per
1032 2497 1145 2593 ipsum
1161 2497 1225 2576 ete

186 2593 307 2687 Quem
325 2595 479 2686 populus
497 2589 626 2668 sedum
641 2595 763 2690 ligno,
788 2595 859 2668 stne
875 2595 956 2669 labe
973 2611 1173 2694 repertum,

154 2685 158 2694 ’
184 2689 431 2784 immeritum,
458 2691 602 2767 demens
619 2694 753 2767 crudeli
769 2707 889 2768 morte
902 2698 1064 2790 peremit.

185 2787 332 2862 sanetus
353 2789 573 2885 Hieremias,
599 2815 705 2886 quem
720 2795 886 2890 gentibus
905 2793 975 2868 esse
995 2795 1220 2892 prophetam

184 2885 337 2962 Aeterni
355 2891 470 2964 virtus
482 2891 596 2984 jnffit,
623 2892 782 2986 dixitque
796 2895 974 2969 futurum:

187 2989 262 3162 gui
283 2988 454 3081 quoniam
474 2993 586 3085 plebis
605 2991 695 3068 sada
710 2993 908 3068 illaudanda
920 2997 1099 3092 revolvit,

222 3103 239 3160 t
255 3087 337 3162 fore
354 3091 554 3186 captivam,
580 3091 643 3166 nili
659 3091 874 3186 poenituisset
892 3093 1050 3190 iniquos,

188 3187 232 3262 ln
245 3189 398 3262 famulos
416 3185 491 3262 fieri
511 3191 662 3287 praesaga
677 3213 774 3266 voce
788 3195 948 3287 locutus,

186 3285 346 3360 Vincula
361 3285 448 3362 dura
462 3289 562 3382 tulit,
590 3290 773 3382 squallenti
787 3313 930 3368 carcere
949 3289 1098 3389 clausus,

187 3385 302 3478 Inque
319 3388 399 3460 luto
417 3389 518 3480 putei
532 3387 642 3464 sames
659 3393 771 3466 hausit
785 3393 906 3466 tabida
922 3393 1097 3468 membra:

190 3483 262 3558 Sed
280 3484 487 3580 postquam,
514 3509 590 3579 quae
608 3491 800 3564 noluerant
822 3491 963 3587 audire,
989 3493 1182 3588 probavit,

189 3581 314 3676 Atque
329 3583 450 3658 hostes
466 3587 626 3662 vinctum
648 3591 821 3683 populum
839 3591 974 3666 dtuere
988 3591 1197 3691 triumphis,

63 3755 65 3766 ,
187 3681 347 3758 Horrida
361 3686 426 3756 vix
439 3685 580 3760 tandem
594 3689 708 3760 caruit
721 3687 781 3762 sua
792 3691 917 3765 deutra
930 3692 1077 3770 catenis.

119 3863 123 3870 ¹
181 3777 299 3853 ‘Nulla
315 3795 435 3856 morte
452 3785 570 3858 virum
587 3787 746 3882 constat,
772 3807 889 3882 neque
903 3788 999 3864 caede
1011 3809 1256 3889 peremptum.

188 3877 361 3956 Ezechiel
376 3877 489 3978 fidus,
514 3883 618 3962 dives
637 3890 693 3963 cui
707 3889 819 3986 gratia
831 3891 936 3966 verbi
1044 3959 1046 3964 .

1104 3989 1207 4069 Con·
1225 4009 1242 4086 ,’
