2634 4336
175 217 251 291 400
324 191 373 294 Q.
397 187 534 268 Sur.
555 181 703 308 stne.
727 145 1091 267 Tauroentum

120 330 127 344 ¹
176 357 253 438 stoc
275 353 346 428 erit
364 351 565 446 proprietas
582 351 743 427 amentio
757 347 884 444 huius:
918 354 1000 446 quia
1023 371 1099 426 non
1121 349 1165 428 fit
1190 377 1240 431 ex

178 453 386 550 corruptela
403 453 509 526 bonae
521 450 758 544 valetudinis,
784 449 843 524 sed
861 471 907 525 ex
926 453 1068 526 ratione
1082 466 1237 529 nattuae:

177 577 250 634 nec
271 550 629 642 enirn‘exterminat,
662 545 722 622 sed
749 565 882 624 avocat
903 562 1072 628 mentem.
1130 553 1240 628 Aliud

179 655 234 732 est
257 664 475 744 concutere,
508 649 603 723 aliud
617 669 793 744 movere,
819 649 913 724 aliud
929 665 1119 746 evertere,
1145 655 1240 728 aliud

180 756 327 852 igitare,
378 746 488 850 Igitur
502 749 599 842 quod
613 749 786 823 mnnoria
800 747 974 846 suppetit,
1001 748 1126 825 sanitas
1143 773 1238 827 men·

179 859 227 932 tis
249 849 320 928 est:
354 849 454 944 qnod
477 847 602 925 sanitas
620 849 774 942 mentis,
799 845 896 922 salva
916 853 1089 926 memoria
1106 851 1238 945 stupet,

180 951 345 1030 arneatiae
370 969 481 1047 genua
508 946 570 1024 est,
627 945 716 1020 Ideo
739 967 816 1024 non
835 947 985 1024 dicimur
1004 949 1145 1044 furere,
1178 951 1248 1026 sed·

179 1049 375 1132 somniare:
407 1048 491 1122 iden
510 1047 544 1122 dt
563 1047 785 1144 prudentes,
811 1047 999 1140 siquando
1021 1047 1155 1124 somna:
1191 1049 1241 1124 sa-

209 1173 269 1225 ere
287 1149 381 1224 enim
393 1145 553 1222 nostrtnn
569 1147 656 1222 llcet
673 1147 928 1241 obumbretur,
954 1163 1162 1226 nontamen
1179 1169 1240 1224 ex·

214 1253 222 1268 '
250 1249 391 1349 guitur,
422 1247 485 1322 nist
512 1246 611 1339 quod
634 1245 670 1320 dt
692 1243 802 1340 ipsum
825 1246 946 1341 potest
971 1249 1084 1322 videri
1108 1268 1242 1324 vacare

181 1363 293 1442 tunc;
319 1345 461 1424 ecstasin
481 1359 599 1421 autem
617 1345 690 1420 hoc
705 1363 850 1438 qunque
864 1350 1006 1440 operui
1018 1348 1063 1421 de
1077 1345 1142 1421 suo
1154 1369 1243 1443 pro·

180 1449 286 1624 pupi,
301 1463 343 1524 ut
351 1447 401 1622 gc
417 1445 525 1562 nobis
537 1443 714 1540 sapientie
726 1445 894 1545 imagines
908 1443 1060 1544 inserat,
1072 1449 1244 1560 qtazmad·

181 1569 245 1628 nto
271 1569 332 1623 um
402 1563 546 1622 errone.

257 1651 318 1743 46.
331 1645 429 1720 Ecce
440 1643 556 1720 rtnstu
569 1663 735 1743 urgemur
746 1647 852 1722 etiarn
862 1645 907 1722 de
916 1645 1070 1743 ipsorum
1083 1645 1244 1722 sonmin·

148 1815 151 1822 ,
181 1762 263 1828 etun
284 1745 499 1840 retractam,
535 1745 662 1838 quibus
688 1749 802 1828 anima
820 1745 992 1840 jaciatur,
1027 1749 1242 1840 exprimere.

182 1845 391 1942 Ecquando
409 1847 661 1940 perveniemus
685 1847 728 1918 ad
743 1859 916 1920 mortem:
942 1847 977 1919 dt
997 1847 1056 1920 hic
1075 1847 1245 1942 dixerim,

183 1945 379 2022 eumDeus
394 1943 549 2018 dederit:
574 1945 678 2017 nullae
690 1945 805 2040 longe
822 1965 931 2019 mnrae
949 1947 1023 2042 ejus
1040 1946 1139 2038 quod
1156 1967 1248 2020 eve·

181 2049 270 2126 niet.
327 2043 432 2117 Vana
447 2043 483 2116 in
501 2049 621 2121 toturn
639 2037 775 2118 somnia
790 2041 966 2139 Epicurus
978 2044 1179 2138 judicavit,
1206 2045 1248 2122 n·-

181 2143 311 2224 beranc
332 2163 353 2216 a
370 2141 526 2239 negotiis
544 2141 788 2236 divinitatem,
821 2143 1060 2218 &dissolvens
1074 2144 1248 2222 ordinem

181 2263 325 2338 rerum,
358 2239 657 2336 dtinpassivitate
677 2243 796 2318 omnia
816 2241 1003 2342 spargens,
1033 2257 1075 2318 ut
1092 2243 1249 2324 eventui

165 2340 367 2440 exposta,
393 2339 602 2417 &fortuita
653 2340 769 2416 Porro
789 2341 819 2418 sr-
832 2346 883 2416 ita
898 2341 970 2438 est,
996 2364 1083 2440 ergo
1100 2347 1171 2418 erit
1185 2343 1251 2418 ali·

181 2445 263 2537 quia
282 2441 323 2516 dt.
337 2441 504 2519 veritatis·
515 2453 692 2538 eventus,
723 2443 898 2534 quianon
916 2443 1012 2538 capit
1031 2441 1141 2520 solam
1165 2463 1250 2522 eant
1300 2439 1302 2458 '

183 2541 336 2618 eventui
358 2540 523 2614 omnibus
541 2539 667 2614 debito
687 2541 804 2618 eximi.
846 2541 1036 2616 Homerus
1054 2543 1140 2618 duas
1158 2553 1251 2636 por·
1274 2602 1279 2611 .

183 2653 240 2716 taa
255 2641 374 2716 divisit
394 2635 557 2734 somniis,
578 2659 754 2714 »corneam
770 2641 950 2730 veritatis,
975 2640 1122 2720 fallaciae
1137 2643 1250 2714 ebur·

25 2825 27 2830 ,
182 2759 299 2818 neam.
357 2732 547 2832 Respicere
569 2737 621 2814 est
646 2740 763 2831 enim,
800 2740 985 2833 inquiunt,
1022 2757 1086 2836 per
1110 2759 1250 2835 cornu,

118 2883 121 2892 ,
184 2839 277 2914 ebur
296 2849 415 2912 autern
434 2857 566 2912 tecum
589 2835 651 2914 ert
709 2835 923 2914 Aristoteles
947 2841 1081 2934 majore
1102 2835 1252 2914 senten·

183 2939 272 3014 tiam
294 2937 484 3014 mendacio
510 2937 693 3030 recitans,
731 2935 889 3039 agnoscit
911 2939 945 3012 dt
966 2957 1104 3014 verum.
1156 2939 1249 3016 'sel-

182 3035 369 3116 messenses
381 3038 478 3110 nulla
492 3033 627 3112 somnia
639 3051 839 3132 evacuant,
863 3037 1144 3112 imbecillitatem
1156 3059 1252 3116 con·

181 3135 386 3232 §citationis
408 3131 578 3210 incusant
632 3137 723 3236 Quis
742 3149 859 3212 autem
883 3153 954 3212 tarn
968 3151 1161 3212 extranens
1181 3139 1252 3212 hu·

182 3233 391 3328 munitatis,
416 3248 460 3308 ut
478 3253 556 3308 nnn
577 3233 727 3326 aliquam
747 3236 937 3328 aliquando
960 3237 1134 3311 visronem
1157 3232 1252 3310 fide·

86 3349 90 3376 ¹
183 3333 258 3410 lern
270 3331 439 3408 senserit?
454 3349 568 3428 pauca
581 3331 627 3408 de
640 3333 886 3431 insignioribus
898 3335 1151 3432 perstringens,
1159 3333 1253 3428 Epi·

184 3451 278 3509 curo
288 3433 468 3532 pudorem
479 3433 676 3526 imperabo.
728 3431 1252 3532 AstyagenMedorumregna-

183 3544 248 3606 nor
263 3532 363 3626 quod
375 3527 457 3605 fiuae
472 3527 662 3606 Mandane
677 3529 792 3607 adhuc
809 3535 956 3632 virginis
973 3535 1182 3608 vesrcamin
1198 3533 1252 3606 di·

184 3629 375 3706 lurionem
394 3627 487 3706 Ana
508 3624 645 3706 fluxisse
673 3631 812 3707 somnio
840 3633 991 3724 viderit,
1029 3633 1251 3708 Herodotus

184 3727 308 3804 refert
359 3728 450 3804 item
466 3747 561 3804 anno
577 3727 660 3824 post
673 3733 814 3834 nuptias
836 3733 912 3824 eiua
933 3755 979 3806 ex
996 3733 1131 3806 hisdem
1149 3731 1252 3804 locis

21 3891 40 3900 ..
182 3827 299 3916 vitem
312 3841 478 3914 exortum
493 3829 565 3908 toti
579 3825 880 3926 Asiaeincubeffe.
929 3831 1016 3910 Hoc
1032 3834 1139 3912 etiarn
1155 3829 1269 3915 Ch&

46 3983 68 3991 -ι
1119 3948 1199 4010 ton

1189 177 1190 184 ’
1299 171 1302 242 i
