2540 4334
17 204 25 222 1
168 191 224 296 74*
302 171 351 276 Q.
376 163 682 251 seirenes.
709 169 1077 254 uersurum

166 333 220 410 les
246 333 393 426 quidem·
413 336 590 412 extremis
614 333 744 428 lupide
765 333 970 412 liberiorem
983 351 987 363 ·
1000 333 1096 410 issem
1122 335 1237 413 'torio

167 446 266 510 tant:
293 435 423 512 nostre
439 456 532 510 vcro
548 435 680 510 diaboli
698 434 827 512 seruos
843 437 908 512 uui
922 438 1164 532 coniungant,
1192 433 1233 510 dt

164 535 203 610 in
215 533 308 610 statu
325 533 388 609 suo
402 535 662 631 perseverent?
693 534 828 610 scilicet
841 538 1025 632 negabunt
1045 535 1142 610 srbia
1162 537 1231 610 do·

164 635 266 712 mino
285 655 350 730 per
365 633 584 732 Apostolum
605 637 763 732 ejusdem
784 635 1047 715 momontum
1105 637 1231 743 Quam

165 737 270 830 hujus
288 739 450 810 ementire
468 735 616 812 caussam
637 735 838 829 detineam,
863 735 926 810 nist
942 733 1026 809 fidei
1040 735 1237 812 imbecilli.

142 831 305 928 tutem,
337 857 490 930 pronam
515 835 650 930 semper
676 837 714 910 in
743 833 1070 930 concupiscentiam
1091 834 1232 910 secula-

163 936 506 1031 rium·gaudiorumi
539 937 651 1037 Quod
671 937 812 1030 quidem
834 935 1024 1032 plurimum
1040 935 1079 1010 in
1093 935 1231 1010 lautio-

163 1037 261 1112 ribus
279 1035 535 1130 deprehensum
556 1036 627 1130 est,
660 1057 741 1112 nam
763 1051 898 1132 quomo
913 1035 1019 1110 dives
1039 1035 1158 1128 aliqua
1176 1033 1233 1119 cib

164 1151 414 1210 commatrone
434 1139 585 1224 nomine
600 1137 743 1230 inflata,
768 1151 875 1212 tanto
893 1155 1059 1229 capacem
1078 1136 1235 1216 domum

165 1236 334 1310 oneribus
348 1234 417 1308 suis
431 1237 599 1328 requirit,
623 1251 668 1310 ut
682 1238 897 1330 campum-in
908 1239 982 1328 quo
998 1235 1149 1312 ambitio
1166 1235 1232 1312 dc·

15 1357 18 1364 ·
166 1353 311 1423 turrate
343 1331 491 1410 sordent
516 1338 646 1412 talibus
671 1337 854 1429 ecclefiae,
886 1333 1027 1412 difficile
1050 1337 1089 1408 in
1110 1335 1234 1412 domo

50 1413 67 1438 ’
161 1433 235 1512 Dei
251 1435 375 1528 dives,
393 1435 472 1510 acsr
488 1438 565 1528 quis
583 1435 654 1531 est,
673 1434 815 1512 difficile
828 1437 970 1510 coelebs
1022 1435 1120 1552 Quid
1134 1455 1231 1532 ergo
1264 1469 1265 1492 ι

82 1570 95 1590 ⁸
161 1533 320 1614 faciant?
344 1535 440 1610 unde
452 1535 710 1612 nifiadiabolo
720 1539 884 1612 maritum
897 1547 1025 1630 petant
1035 1533 1232 1630 idoneum,
1264 1539 1265 1554 ¹

30 1625 40 1684 ·'
162 1634 374 1716 exhibente
384 1633 498 1729 scllre,
514 1637 558 1710 ’ἀ
572 1637 755 1732 mulabus,
774 1637 816 1712 tr
834 1633 1015 1711 cinerariit
1027 1638 1233 1731 peregrines
1264 1677 1265 1680 ¹

160 1735 418 1834 proceritatis?
445 1734 659 1812 Christianus
672 1735 735 1812 ista
749 1739 856 1812 etlam
869 1736 972 1809 dives
986 1731 1132 1809 forcalle
1143 1755 1229 1812 non

125 1884 129 1893 ,
161 1835 314 1932 prestet.
375 1833 506 1934 Quaeso
532 1849 598 1930 te,
625 1835 819 1934 gentilismi
835 1835 1009 1929 ¹exempla
1032 1853 1231 1930 proponas

153 1936 251 2028 vobi,
277 1936 454 2027 pleneque
471 1931 505 2008 dc
521 1957 652 2032 genere
666 1937 806 2010 nobiles
826 1940 861 2012 dt
881 1937 1076 2028 reboate,
1101 1936 1229 2028 paffim
1264 1977 1265 1984 ¹

160 2033 377 2132 ignobilibus
403 2033 700 2108 &mediocribus
725 2037 824 2111 simul
851 2037 984 2130 conjun
1059 2049 1144 2129 tur,
1180 2035 1233 2112 au·

161 2134 338 2212 luxuriam
362 2135 548 2228 inventis,
585 2147 656 2210 rut.
671 2135 714 2210 ad
739 2137 921 2212 licentiam
945 2133 980 2208 se
1018 2135 1055 2211 '.
1115 2134 1231 2210 Non·
1265 2172 1266 2218 ς

62 2229 72 2302 ’.
161 2231 320 2310 nullaest
342 2231 503 2330 libertis,
533 2235 568 2309 dc
590 2235 701 2310 seruis
725 2233 794 2310 suis
814 2235 1040 2326 conferunt,
1058 2236 1230 2312 omnium

160 2335 346 2412 boninum
365 2331 625 2410 eiistimstione
644 2335 933 2431 despectantium,
960 2334 1073 2410 modo
1093 2337 1232 2410 habea·
1264 2381 1266 2412 r

160 2451 255 2512 tura
272 2435 398 2528 quibus
421 2435 557 2510 nullum
573 2435 865 2534 impedimentum
887 2434 1061 2512 libertatis
1085 2431 1154 2508 suae
1182 2439 1232 2510 rra
1265 2523 1266 2532 Ν

160 2547 293 2616 meant
344 2531 575 2610 Christianam
596 2535 739 2611 fidelem
758 2533 855 2612 fideli
871 2553 912 2610 re
931 2535 1063 2608 minori
1078 2536 1230 2614 nubere
1264 2545 1266 2618 l

158 2633 1229 2835 iiifitiffsiiiiffldsiimffllfiidiiiitffi

729 2787 740 2825 i

157 2841 238 2938 plus
259 2835 362 2912 dives
379 2837 418 2911 in
434 2855 592 2934 paupere
606 2837 769 2912 inveniet
783 2836 919 2928 maiore
940 2831 1040 2914 dote.
1090 2833 1230 2910 Sitilla

160 2963 207 3016 ex
222 2959 326 3034 aequo
343 2940 379 3012 in
395 2939 521 3030 terris,
548 2957 624 3030 que
639 2939 677 3010 in
693 2935 790 3010 celis
805 2935 951 3010 forlitm
964 2935 1143 3024 nouerit·

231 3063 266 3138 9.
291 3035 537 3115 Dubitandum
552 3037 586 3112 u
601 3033 901 3131 inquirendum&
917 3027 1141 3114 indentidem
1159 3035 1225 3112 de·

157 3140 378 3218 liberandum
401 3137 478 3230 est,
511 3159 557 3211 an
576 3137 660 3212 idco
684 3137 725 3211 lit
747 3133 898 3209 incedis
918 3133 1122 3227 dotalibus,
1159 3135 1229 3210 cui

147 3239 258 3328 Deus
281 3237 421 3314 censum
437 3237 535 3312 suum
550 3234 727 3312 credidit?
752 3233 861 3309 Unde
876 3233 1048 3308 sufficiam·
1058 3231 1102 3308 ud
1118 3253 1228 3310 enar·

157 3341 303 3426 tandem
334 3339 541 3414 felicitatem
567 3340 645 3430 ejus
669 3335 910 3427 matrimonii,
946 3333 1044 3426 quod
1069 3336 1230 3412 eructu
1265 3377 1266 3388 ¹

158 3435 341 3534 connitor,
369 3437 610 3513 &confimat
623 3437 784 3530 oblano,
810 3435 847 3508 dc
864 3433 1088 3532 obsignatum
1100 3437 1229 3531 angeli

155 3541 387 3632 renuntient,
413 3551 610 3633 pererrato
624 3531 760 3612 hebeti
785 3533 880 3610 Nem
896 3535 1017 3610 necin
1032 3535 1139 3608 terris
1155 3532 1228 3610 filii

25 3701 40 3714 .
154 3639 228 3716 fine
242 3639 414 3716 consensu
431 3651 571 3735 patrum
592 3639 662 3712 rite
681 3637 715 3710 dr
726 3637 807 3730 jure
823 3637 973 3712 nubent.
1002 3678 1005 3684 ·
1026 3635 1146 3732 Quule
1163 3637 1226 3729 ju·

155 3758 238 3836 gum
257 3737 414 3814 fidelium
436 3739 611 3833 duorum,
636 3740 745 3812 unius·
758 3733 859 3832 ipei,
886 3736 990 3810 unius
1009 3733 1225 3831 disciplinae,

155 3841 315 3938 eiusdem
333 3839 516 3918 secururs
529 3837 559 3936 i·
573 3841 694 3994 ,σωθῇ
711 3839 865 3934 itanu,
895 3837 1005 3922 umbo
1030 3833 1227 3939 conservi,

623 3945 640 4014 t
1063 3938 1165 4016 uuila
