2586 4334
220 293 284 349 ue
317 273 751 352 Resurrecrmue
786 299 979 357 curura.
1056 285 1127 380 563

55 439 101 509 eis
131 451 243 526 cutes,
274 435 314 514 θ
332 437 473 534 spiritur
501 439 540 510 in
566 441 612 510 eis
635 460 700 508 non
725 455 821 512 erate
853 435 894 517 tt
918 443 967 514 ait
984 415 1033 514 ¹ad
1057 467 1126 516 me:

52 537 206 636 propheto
239 539 280 608 ad
305 539 460 636 spiritum
485 539 543 630 fico·
574 541 716 610 hominii
737 540 894 637 propheta
918 539 957 618 U
981 543 1063 614 dicar
1086 545 1133 618 ac

48 635 224 734 spiritum:
264 641 340 708 idac
364 639 442 710 dicit
465 641 608 711 daminus
633 641 769 712 adonai:
793 641 988 740 liquatuor
1013 651 1127 716 ventis

53 743 136 807 veni
167 738 303 833 spiritus
334 737 374 816 dt
400 741 489 836 spira
522 745 560 810 in
592 737 657 836 aptis
687 741 887 836 interemptis
920 739 960 818 di
988 748 1124 818 vivant.

54 835 105 910 Et
129 837 320 934 prophetavi
353 841 393 912 ad
417 841 574 936 spiritum
588 841 673 936 ficut
693 847 841 938 pracepit
864 842 973 934 mihi,
1006 839 1046 918 di
1071 847 1125 916 irt-

53 941 176 1008 troivit
205 941 243 1008 in
274 962 311 1010 ea
336 939 501 1036 spiritur,
536 935 575 1016 ῢ
597 937 767 1038 ,vixerunt
792 939 831 1018 di
849 941 1011 1040 stererant
1029 943 1126 1040 fieper
1256 1014 1260 1024 ,

45 1037 140 1138 pedes
172 1037 238 1118 [ooo
271 1041 418 1112 valentia
452 1063 565 1134 magna
582 1043 678 1130 fiatis.
735 1039 782 1116 Et
806 1047 858 1114 ait
882 1043 924 1114 ad
949 1065 1014 1113 me:
1057 1043 1125 1116 disi

52 1137 218 1226 hominis,
249 1137 309 1229 affia
334 1141 391 1238 ipio
416 1147 517 1211 omnir
545 1141 652 1212 domur
680 1139 777 1228 lsrael
800 1141 850 1236 epi.
906 1139 966 1236 Ipfi
988 1143 1124 1215 dicunt:
1150 1231 1152 1236 Ι

58 1235 278 1308 Exaruerunt
306 1231 367 1332 offla
398 1242 528 1338 noflra,
567 1237 605 1316 di
635 1247 735 1338 periit
766 1241 831 1340 spes
862 1243 990 1342 nostra,
1023 1241 1125 1342 evuli

47 1335 161 1428 sumus
186 1341 223 1406 in
247 1341 302 1410 eir.
357 1343 522 1436 Propterea
543 1341 698 1436 propheta
721 1342 765 1412 ad
787 1365 852 1412 eos:
890 1345 968 1414 Ecce
991 1365 1042 1438 ego
1062 1363 1124 1440 pa-

56 1437 174 1528 tefacio
184 1437 350 1532 sepulchra
368 1439 488 1537 vestm,
515 1437 555 1516 U
575 1441 706 1513 eveham
731 1465 788 1512 vor
813 1442 849 1512 de
867 1443 1043 1539 sepulchris
1067 1465 1126 1517 ve·

1 1529 2 1535 ¹
48 1534 128 1636 fleis
157 1539 286 1634 populus
323 1563 432 1628 meus,
470 1539 509 1617 di
537 1543 685 1612 inducam
709 1563 767 1612 vor
797 1545 979 1614 interram
1007 1543 1124 1632 [[ναιὶὲ
1188 1623 1193 1630 ,
1259 1599 1263 1608 .

56 1635 96 1714 (5
122 1639 302 1730 cognosietis
333 1641 414 1736 quod
438 1663 486 1736 ego
511 1639 654 1712 daminus
679 1646 855 1738 aperuerim
874 1643 1040 1739 sepulchra
1066 1667 1123 1716 ve·
1206 1723 1211 1734 ,

47 1737 119 1837 pira
146 1737 183 1812 U
210 1739 367 1809 eduxerim
391 1763 449 1810 vos
474 1741 510 1812 de
536 1741 713 1836 sepulchris
736 1741 847 1841 veflris
863 1743 1000 1840 ‘populus
1024 1767 1122 1834 meur,

53 1842 94 1916 U
129 1837 206 1909 dabo
236 1837 328 1908 vobis
353 1838 509 1948 spiritum
544 1841 584 1916 U
620 1844 747 1912 vivetis
780 1847 819 1919 0
853 1845 1048 1941 requiescetis
1061 1849 1068 1870 ’
1083 1849 1125 1918 im

9 2005 25 2042 ,
55 1951 146 2012 terra
179 1961 220 2010 ve
246 1962 311 2026 ro,
352 1937 391 2017 di
421 1943 604 2036 cognoscetis
634 1943 713 2041 quod
745 1965 794 2036 ego
823 1941 970 2030 dominus
1001 1946 1123 2020 saeuius

45 2037 109 2136 fim
136 2035 175 2116 (5
218 2045 344 2128 ecerim,
369 2041 451 2112 dicit
475 2043 630 2113 dominus.

1 2149 2 2163 ¹
129 2157 186 2230 30.
214 2137 319 2212 Hane
346 2159 493 2233 quoque
526 2139 823 2236 praedicationem
858 2139 933 2217 scio
969 2145 1123 2236 qualiter

52 2239 271 2312 concutiant
291 2239 329 2310 in
358 2241 538 2336 allegoriae
557 2241 929 2336 argumentationem:
961 2240 1049 2335 'quia
1072 2243 1124 2318 di·
1216 2255 1220 2268 ⁴

52 2336 178 2412 tendo
202 2336 261 2430 offla
282 2337 339 2436 ifle
359 2347 463 2410 omnis
481 2341 585 2410 domus
604 2340 644 2436 epi
663 2341 760 2429 israe}
770 2393 780 2427 ,
812 2341 850 2414 in
866 2341 1057 2439 imaginem
1077 2359 1123 2418 ea

29 2435 188 2512 ·secerit
206 2435 341 2527 Israeli,
368 2437 448 2534 &a
469 2439 617 2534 propria
643 2439 859 2512 conditione
882 2437 1123 2538 transtulerit,

1 2545 2 2578 ¹
56 2538 228 2628 atqueita
241 2533 425 2636 figuratam
441 2537 512 2614 elie
527 2557 604 2612 non
621 2559 741 2612 veram
759 2535 1025 2614 resurrectionis
1036 2561 1124 2634 proe-

56 2637 292 2710 dicationem.
361 2637 500 2714 Statum
543 2640 639 2713 enim
678 2637 883 2733 Judaeorum
927 2639 1123 2714 deformari

56 2735 331 2830 quodammodo
347 2751 551 2826 emortuum
570 2735 603 2810 ἃ
622 2737 802 2812 exaridum
822 2735 1062 2833 &dispersum
1083 2741 1123 2815 in
1217 2767 1227 2782 e

2 2837 4 2906 l
54 2855 187 2929 eampo
212 2835 322 2911 orbis.
380 2837 507 2930 ltaque
532 2835 771 2932 &imaginem
793 2835 1061 2912 resurrrectionis
1081 2839 1122 2913 in

49 2935 155 3010 illum
173 2935 418 3030 allegorizari,
445 2937 527 3030 quia
541 2937 705 3032 recolligi
718 2937 850 3010 habeat
867 2937 1123 3032 &recompin-

52 3035 87 3132 gi
110 3055 156 3108 οε
173 3033 216 3106 ad
235 3055 306 3127 oe,
341 3033 446 3110 idest
464 3037 578 3110 tribue
598 3036 640 3108 ad
659 3037 814 3126 tribum,
845 3035 877 3107 ir
898 3037 1056 3130 populus
1077 3035 1123 3110 ad

51 3135 260 3230 populum:
301 3133 336 3206 δι
361 3137 591 3230 recorporari
614 3136 732 3208 carnia
755 3133 965 3209 facultatem
995 3137 1121 3208 nervia

1 3246 7 3275 ⁸
50 3233 167 3332 regni.
217 3225 342 3334 Atque
359 3236 408 3308 ita
425 3235 469 3308 de
483 3233 698 3329 sepulchris,
723 3231 824 3308 idest
843 3232 887 3307 de
905 3233 1120 3308 habitaculis

3 3387 4 3426 3
52 3333 278 3428 captivitatis
293 3331 487 3410 tristissimis
503 3347 612 3426 atque
627 3335 821 3409 teterrimis
834 3333 960 3424 educi,
979 3331 1121 3407 &refri-

3 3427 5 3438 ’
52 3433 143 3530 gerii
166 3435 317 3508 nomine
330 3435 515 3527 respirari,
543 3434 576 3508 lic
598 3434 724 3506 vivere
741 3433 873 3508 exinde
889 3436 1044 3506 interra
1061 3427 1122 3508 sua

52 3531 190 3630 Judaea.
241 3529 291 3605 Et
309 3533 395 3625 quid
410 3531 491 3626 post
504 3532 607 3608 treci
622 3531 836 3608 'morientur
849 3533 922 3608 fine
938 3533 1065 3625 dubio,
1085 3529 1122 3604 le

3 3643 4 3692 l
53 3631 140 3725 quid
163 3629 246 3726 post
269 3631 453 3707 mortem?
488 3631 625 3712 Nulla,
662 3635 797 3726 opinor
817 3629 1068 3722 resuscitatio,
1093 3629 1120 3704 st

3 3693 5 3816 h
52 3749 132 3806 non
160 3731 239 3804 haec
262 3735 331 3806 erit
359 3730 456 3827 ipsa,
491 3753 568 3825 quae
593 3727 780 3822 Ezechieli
802 3732 996 3806 revelatur.
1046 3727 1120 3803 Sed

3 3817 5 3866 '
55 3829 296 3908 enimtealias
308 3831 521 3926 predicatur
535 3827 766 3922 resurretlio,
794 3849 880 3926 ergo
898 3827 1127 3924 deiecerit,

4 3961 9 4144 p
56 3929 90 4004 ie
109 3947 252 4027 temere
270 3933 309 4008 iu
327 3931 459 4010 statum
475 3953 554 4010 eam
574 3931 802 4108 Jppdatcarum
818 3947 938 4005 rerum
964 3945 1121 4102 ctplpper·

639 4051 665 4107 n
695 4053 716 4105 o
1058 4077 1068 4100 .
1100 4091 1103 4098 .
