2596 4336
235 191 980 292 anv'tnattrvanrrtrrrtrnnoa.
1064 234 1138 311 445

2 373 9 424 l
77 367 248 480 ignotar'e
264 399 368 469 quant
382 373 527 452 discere.
579 375 677 475 Quid
691 376 786 450 coint
797 375 882 450 rebli
897 375 1049 471 habant,
1064 394 1144 474 (11¹ae

1 454 11 528 l
69 491 146 554 tam
159 475 328 576 perverse
343 467 605 570 proferuntur?
1005 507 1008 512 “

1 649 9 726 t
153 633 211 722 36.
238 629 388 728 Quanto
409 627 600 716 meliores,
627 625 686 719 qui
703 635 822 698 totum
845 623 919 700 hoc
938 623 1080 700 talium
1094 625 1141 706 de

1 776 9 821 t
70 727 195 806 medio
216 728 378 819 amoliti,
404 725 541 800 nullum
559 745 699 800 aeoncrn
719 726 938 820 voluerunt,
965 728 1067 800 aliurn
1091 747 1139 804 ex

1 878 9 921 ,
71 831 166 918 alio,
201 849 265 922 per
284 827 411 922 gradus
433 845 563 899 revera
580 823 805 920 Gemonios,
839 823 1017 902 struclurn.
1070 829 1140 902 ‘ed

1 982 9 1022 ‚
71 949 203 1022 mappa
228 923 357 1019 (quod
387 923 516 1022 ajunt)
541 923 638 998 milia
663 923 768 998 semel
794 923 998 1022 octojugem
1024 923 1137 1024 istam,

1 1080 8 1125 ‚
71 1027 108 1102 n
134 1049 179 1102 ex
206 1043 329 1124 parte,
359 1021 512 1100 Ennoea
538 1025 613 1116 ejus
639 1045 686 1098 ex
711 1021 836 1098 catalla.
888 1023 945 1098 Ex
973 1026 1050 1122 ipio
1077 1027 1138 1104 de·

1 1180 7 1244 4
67 1129 180 1220 nique
210 1127 286 1220 ejus
312 1141 416 1198 nrotu
443 1125 591 1198 nomina
614 1134 776 1222 gerunt3
811 1145 922 1219 cum,
955 1127 1137 1224 inquiunt,

0 1288 1 1319 ,
71 1227 253 1324 cogitavit
289 1223 483 1320 proferret
523 1225 596 1298 hoc
631 1239 734 1320 pater
769 1223 880 1300 dinus
916 1223 977 1301 est.
1044 1225 1140 1306 euna

70 1326 252 1425 protulit,
287 1326 369 1418 quia
392 1345 482 1398 vere
508 1323 682 1419 protulit:
714 1323 773 1400 hic
799 1325 933 1400 veritat
961 1329 1139 1422 appellata

0 1496 1 1499 a
70 1423 133 1502 est.
194 1423 283 1500 Cutn
310 1421 530 1520 semetipsum
558 1423 680 1496 voluit
713 1423 886 1518 probari,
922 1426 996 1500 hoc
1021 1429 1137 1504 homo

68 1527 330 1622 pronunciatus
350 1523 418 1602 est.
475 1527 580 1616 Quos
608 1537 726 1598 autent
750 1544 870 1618 preco
896 1525 1019 1620 tavit,
1054 1547 1138 1606 cunr

0 1689 1 1698 t
70 1627 243 1722 protulit:
268 1637 357 1697 tunc
373 1625 519 1700 ecclesia
540 1639 746 1714 nuncupata
759 1621 820 1700 est.
870 1545 1003 1700 {bonit
1021 1627 1137 1705 homo

0 1793 1 1802 t
69 1723 299 1817 sermonem,
334 1721 369 1798 δι
399 1723 459 1797 hic
487 1721 539 1797 est
568 1723 834 1820 primogenitus·
852 1718 972 1820 filius,
1009 1727 1136 1803 &sen

0 1868 1 1881 ι
71 1827 174 1900 moni
204 1823 343 1898 acceffit
369 1823 469 1918 vita,
508 1822 717 1919 &Ogdoas
742 1823 857 1918 prima
880 1825 1048 1902 conclusa
1071 1825 1134 1908 est.
1287 1827 1293 1873 ¹·

67 1923 140 2000 Sed
164 1927 239 2002 hoc
264 1921 409 1998 tedium
433 1943 510 1998 non
535 1923 707 2020 pusillum.

71 2141 76 2150 .
145 2093 202 2172 37.
231 2063 367 2168 Accipe
394 2075 460 2150 alia
483 2073 624 2170 ingenia
648 2067 910 2150 Circurianitna
931 2071 1133 2176 insignioris

66 2175 164 2272 apud
188 2195 252 2248 eos
278 2169 455 2272 magistri,
482 2177 542 2266 qni
569 2175 603 2247 δι
628 2173 830 2266 pontificali
851 2175 911 2250 sua
936 2182 1133 2256 autoritate

65 2275 106 2351 in
131 2275 229 2350 hunc
254 2275 402 2348 modum
428 2271 574 2349 censuit.
630 2269 715 2367 Est,
741 2275 875 2371 inquit,
904 2291 988 2353 ante
1012 2281 1135 2358 omnia
1214 2329 1217 2334 ,
1271 2291 1273 2298 '

65 2375 278 2466 Proarche,
311 2373 593 2470 inexcogitabile
625 2373 661 2450 o
691 2375 937 2453 inenarrabile.
990 2375 1138 2453 lnenar·'

64 2473 213 2567 rabile,
256 2473 356 2566 quod
389 2491 459 2570 ego
492 2475 643 2548 nomino
675 2473 886 2554 Monoteta.
947 2471 1036 2554 Curn
1065 2481 1134 2555 hac

65 2589 148 2649 erat
173 2568 240 2647 alia
263 2575 402 2666 virtus,
438 2593 542 2665 quant
569 2569 736 2670 &ipsam
762 2571 906 2670 appello
932 2575 1131 2659 Henoteta.

65 2675 248 2751 Monotes
280 2672 315 2746 o
346 2671 513 2746 Henotes
530 2727 544 2766 ‚,
585 2673 622 2747 id
656 2673 732 2770 est,
769 2673 890 2750 solitas
923 2677 958 2751 bt
990 2681 1132 2774 unitas3

47 2795 152 2850 cunt
176 2779 288 2846 untnn
312 2771 425 2892 eiffnt
447 2773 699 2870 protulerunt,
723 2793 800 2850 non
819 2777 1048 2872 proferentes
1068 2785 1132 2860 ini.

65 2877 160 2949 tiunt
191 2872 352 2948 omniunt
377 2871 642 2969 intellccltrale,
676 2871 907 2970 innascibile,
939 2881 1130 2980 invisibile,

64 2971 169 3068 quod
192 2967 308 3047 senno
335 2973 490 3048 monada
514 2975 678 3052 vocavit.
736 2975 833 3050 Huic
858 2975 954 3052 adest
981 2981 1132 3058 consub-

61 3073 220 3152 ssantivt
260 3073 404 3168 virttis,
440 3089 546 3166 quant
577 3073 734 3168 appellat
762 3075 863 3151 unio.
926 3077 992 3154 llae
1023 3083 1131 3180 igitur

62 3175 223 3248 virtutes
253 3168 400 3268 solitas,
438 3171 528 3246 unio
561 3187 699 3246 ceteras
730 3175 955 3268 prolationes
989 3203 1131 3260 nonunt
1185 3211 1189 3220 ·

58 3285 333 3370 propagaruntt
372 3293 397 3346 o
423 3267 652 3346 differentia!
669 3266 852 3348 'Mutetur
876 3277 966 3350 onio
994 3279 1028 3354 bt
1054 3283 1131 3356 uni.

61 3389 144 3467 tas,
167 3371 386 3470 singularitas
412 3371 446 3446 bt
471 3370 595 3468 suunt,
621 3371 656 3446 bt
682 3371 810 3472 solita,
835 3395 1046 3472 quamquam
1070 3381 1130 3458 de·

59 3471 277 3572 figntveris,
302 3491 415 3544 unum
440 3471 534 3547 elb-
1123 3517 1129 3542 .
1220 3505 1225 3512 ·

139 3631 199 3716 38.
212 3619 416 3722 Humanior
430 3599 505 3716 jatn'
518 3617 724 3718 Secundus,
742 3637 784 3698 ttt
798 3623 1163 3726 brevior‚Ogd0a.·
1280 3684 1285 3709 f

60 3721 135 3802 den
166 3723 203 3796 in
235 3723 320 3800 duas
345 3723 504 3800 tetradas
532 3722 697 3796 dividens
713 3775 726 3817 ,
744 3725 795 3798 'in
821 3725 1003 3800 dexteram
1030 3727 1065 3798 bt
1087 3729 1126 3804 fi.
1274 3722 1278 3734 '

58 3819 227 3920 nistttm,
259 3826 297 3900 in
327 3825 450 3906 lumen
482 3823 517 3900 ἀ
548 3821 740 3916 tenebam
772 3837 912 3902 notant
944 3827 1129 4000 qnuotdssde.
