2586 4334
297 115 949 220 'nnPoturrtrrrta'a
1082 133 1156 234 615

166 314 200 367 a.
227 291 341 392 Quod
357 291 382 368 sr
396 289 469 368 Dei
491 313 615 388 asper
634 294 707 368 hoc
725 291 874 366 rationis
891 307 1036 386 quoqpe
1056 311 1156 374 conr-n

82 406 198 492 potes
214 407 379 487 agerent,
397 394 524 468 merita
531 393 650 496 primo
662 392 879 486 penitentia
892 391 1155 494 expenderent,

84 511 160 566 nec
193 512 347 583 unquam
374 513 450 566 eam
472 493 516 566 ad
537 505 763 588 augmentum
787 487 963 586 perversae
988 491 1151 590 emenda,

83 593 201 666 tionis
219 591 452 680 adhiberent;
477 593 624 668 modum
640 591 791 684 denique
805 589 1000 685 paenitendi
1014 591 1151 685 tempe-¹

83 703 231 766 tarent.
258 690 339 784 qtria
356 689 628 782 &delinquendi
644 701 831 778 terrerent3
856 691 1022 773 timentes
1037 691 1150 774 dorni,

82 809 176 866 num
194 785 338 866 scilicet.
390 787 461 864 Sed
474 789 536 866 ubi
551 802 666 868 metus
682 791 823 883 nullus,¹¹
847 789 1051 872 emendatio
1064 809 1165 887 pro··
1261 811 1278 836 ·

81 889 171 964 inde
188 890 296 964 nulla.
346 887 423 964 Ubi
441 890 645 964 emendatio
665 889 783 986 nulla,
805 890 1015 984 ponitenlia
1031 889 1150 970 neces.

83 986 181 1063 sario
203 1003 314 1065 vana:
353 989 434 1080 quia
453 1002 550 1065 caret
566 986 683 1069 fruita
700 985 786 1082 suo,
813 987 870 1066 cui
890 999 965 1062 eam
982 987 1081 1061 Deus
1098 987 1150 1067 se·

83 1091 167 1181 vit,
193 1086 231 1162 id
251 1085 320 1179 est,
345 1087 500 1163 hominis
517 1087 629 1168 saluti.
686 1085 783 1170 Nam
798 1087 901 1164 Deus
923 1085 1005 1182 pust
1025 1099 1085 1166 tot
1100 1109 1150 1165 ac

84 1197 191 1263 tanta
211 1183 337 1260 deliila
358 1187 518 1263 humane
535 1187 771 1280 temeritatis,
797 1186 993 1287 aprincipe
1008 1189 1151 1282 generis

18 1357 19 1360 a
85 1287 206 1360 Adam
228 1285 424 1382 auspicata,
454 1285 537 1384 post
559 1287 837 1368 condemnatum
857 1285 1040 1368 hominem
1066 1305 1149 1372 cum
1248 1323 1252 1339 ι

85 1383 198 1462 seculi
217 1385 328 1480 dote,
352 1383 436 1480 post
459 1383 607 1481 ejestum
627 1383 810 1482 paradiso,
837 1385 1019 1478 mortique
1038 1382 1151 1476 subje-

87 1485 208 1578 ilum,
235 1507 317 1560 cum
336 1483 453 1562 rursus
475 1485 519 1560 ad
534 1483 628 1562 suam
646 1485 922 1564 misericordiam
940 1481 1149 1566 maturaviss

83 1583 161 1677 set,
184 1583 401 1680 jamindein
416 1583 602 1680 semetipso
615 1585 862 1682 paenitentiam
875 1581 1074 1677 dedicavit,
1093 1603 1149 1668 re,-

83 1681 184 1760 scissa
206 1681 381 1760 sententia
401 1685 533 1765 irarrun
551 1683 795 1782 pristinarum,
824 1682 1011 1779 ignoscere
1025 1679 1149 1782 pestus

86 1781 241 1878 operi&
257 1784 399 1881 imagini
415 1783 493 1862 sue.
544 1785 669 1876 ltaque
682 1781 717 1860 dr
728 1785 903 1880 populum
916 1782 980 1859 libi
999 1779 1150 1879 congress

83 1885 210 1981 gavit,
236 1883 405 1962 &multis
424 1883 597 1962 bonitatis
616 1879 683 1960 suae
697 1881 946 1980 largitionibus
962 1879 1086 1972 fovit,
1113 1879 1149 1956 dt

82 1983 347 2081 ingratifflrnum
368 1985 504 2064 totiens
524 1997 714 2079 expertus,
740 1983 784 2060 ad
802 1979 1085 2076 poenitentiariis
1136 2019 1151 2050 a

82 2083 337 2180 perhortatur
359 2084 428 2160 est:
463 2081 771 2182 &prophetando
793 2077 1045 2167 universorum
1063 2075 1157 2176 prol

62 2184 274 2280 pictarum
297 2181 409 2260 emifit
426 2203 511 2277 ora,
537 2203 624 2262 rnox
642 2183 788 2280 gratiam
805 2179 1012 2278 pollicitus,
1039 2199 1149 2280 quam

82 2283 121 2358 in
142 2281 426 2362 extremitatibus
448 2298 652 2377 temporum
674 2303 740 2379 per
764 2279 922 2377 spiritum
945 2277 1045 2364 suurn
1066 2277 1162 2356 uni·-

40 2443 45 2458 .
84 2379 193 2456 verso
217 2383 297 2457 orbi
316 2381 576 2466 illuminaturus
598 2379 713 2475 esset,
748 2381 875 2475 praeira
895 2377 1171 2478 intinilioneru'

83 2483 302 2583 punitentia
315 2481 431 2578 Juffit,
456 2479 585 2576 siquos
601 2481 825 2580 pergratiam
838 2491 992 2562 vacuet
1006 2477 1147 2572 adpro,

83 2581 278 2658 millionem
294 2579 415 2662 semini
431 2577 612 2658 Abraham
630 2579 858 2674 destinatam,
874 2597 953 2676 pcc
970 2577 1146 2759 peniten-

954 2699 974 2754 e

84 2681 143 2754 tiae
163 2679 458 2782 subsrgnationem
483 2694 733 2777 anteponeret.
783 2677 874 2761 Non
891 2691 952 2762 tat
1010 2675 1148 2778 pran·

85 2779 177 2874 net,
196 2781 438 2876 penitentiam
451 2781 601 2874 initote,
627 2779 765 2864 dicens:
786 2779 858 2876 jam
874 2775 1146 2864 enim'salusna,

15 2909 16 2912 Ν
84 2879 248 2958 tionibus
268 2880 596 2974 appropinquabit,
623 2879 787 2958 domiuus
805 2877 959 2970 scilicet,
994 2873 1153 2957 afferens

87 2975 279 3058 secundum
295 2979 368 3059 Dei
388 2979 615 3074 promissum,
643 2979 700 3060 cui
723 2975 1016 3074 praeministrans,
1039 2976 1151 3068 paeni.

87 3079 272 3160 nitentium
286 3077 483 3157 destinabat
496 3077 686 3177 purgandis
709 3075 888 3156 ruentibus
910 3072 1152 3176 praepositam,
1203 3121 1214 3146 .

86 3179 140 3256 uti
154 3177 322 3278 quicquid
338 3197 441 3256 error
453 3187 560 3258 vetus
575 3173 805 3274 inquinasset,
831 3169 1003 3276 quicquid
1015 3173 1053 3250 in
1069 3192 1150 3258 cot·

88 3275 132 3354 de
152 3277 306 3355 hominis
327 3279 530 3379 ignorantia
553 3271 851 3368 contaminasset,
883 3270 920 3353 id
940 3273 1151 3366 penitentia

15 3429 16 3452 r
87 3397 236 3457 verrens
254 3376 288 3454 tr
303 3377 454 3471 radens,
476 3377 516 3456 u
531 3377 629 3460 iuras
653 3376 822 3468 abiiciens
843 3371 1009 3460 mundam
1026 3369 1150 3478 pedu«

15 3459 17 3512 '
87 3479 135 3552 ris
162 3467 308 3556 domum
332 3473 593 3576 superventuro
621 3475 758 3574 spiritui
780 3471 898 3552 sanilo
923 3487 1047 3570 paret,
1072 3489 1149 3568 quo

87 3577 203 3660 seille
224 3595 305 3658 curn
328 3573 524 3659 coelestibus
546 3579 655 3658 bonis
676 3577 789 3656 libens
811 3571 955 3658 inserat,
1003 3569 1150 3656 Horum

15 3699 16 3742 r
87 3679 268 3759 bonorum
283 3697 377 3756 unus
397 3673 448 3752 est
462 3677 615 3770 titulus,
639 3673 729 3758 salus
749 3666 930 3768 hominis,
955 3670 1148 3784 ¹criminum

90 3777 317 3882 pristinorum
344 3777 545 3858 abolitione
572 3771 752 3980 pZamiffa.
813 3773 901 3855 llaec
930 3769 1149 3952 punitelzttn

635 3897 705 3975 q4
1005 3887 1098 3949 tau·
1187 3939 1191 3947 .

894 4013 908 4050 Ι
