2596 4346
550 109 562 154 l

267 279 363 320 .„
441 229 779 329 Casurum
899 255 991 316 &A
1063 253 1133 342 ηδ

77 391 206 472 Crevit
221 395 259 470 in
275 389 503 492 immensum,
530 397 727 490 coelumque
741 395 924 472 cacumine
939 391 1076 474 summo
1108 437 1109 444 ¹

76 493 265 591 Contigit,
291 496 483 570 &tandem
501 493 652 570 sancium
672 509 778 590 caput
792 497 927 570 abdidit
947 497 1034 576 altu.

13 663 14 666 ,
73 593 174 669 Dum
187 609 307 668 tamen
325 593 461 691 ingenti
477 593 631 668 bissenos
648 595 809 688 pondere
826 617 946 670 ramos

75 693 219 786 Edidit,
246 694 414 768 &toturn
433 692 596 799 spargens
609 697 773 790 porrexit
787 696 823 768 in
840 691 985 770 orbern:

78 791 257 868 Gentibus
272 809 315 866 ut
336 793 470 874 cunslis
488 793 642 886 vidlurn,
667 797 848 886 vitamque
867 813 1063 888 perennem

75 893 302 994 Proeberent,
328 908 554 985 mortemque
574 895 666 968 mori
685 895 744 986 qui
764 892 862 988 posse
884 896 1071 974 docerent.

76 991 240 1087 Expletis
259 994 366 1066 etiam
378 1013 469 1068 mox
485 990 736 1088 quinquaginta
754 992 893 1087 diebus,

76 1093 229 1182 Vertice
246 1092 290 1166 de
306 1091 442 1166 summo
456 1093 568 1166 divini
586 1089 734 1164 neslaris
750 1091 912 1168 baustum

78 1189 222 1266 Detulit
240 1193 277 1266 in
293 1194 437 1286 ramos,
463 1190 611 1266 celestis
628 1191 766 1288 spiritus
784 1214 893 1268 euraer

79 1289 189 1368 Dulci
207 1312 292 1366 rore
333 1313 438 1366 raves
455 1294 643 1366 manabant
663 1289 820 1384 undique
832 1291 985 1371 frontes.

132 1415 165 1468 α.
190 1389 289 1464 Ecce
309 1315 370 1464 leb
389 1391 525 1488 ingenti
540 1409 720 1464 ramorum
737 1395 899 1487 tegminis
913 1395 1038 1470 umbra
1123 1415 1141 1445 ¹·

13 1533 14 1536 ¹
78 1489 177 1567 Fons
196 1505 291 1570 erut:
318 1493 375 1566 hic
388 1493 489 1564 nullo
506 1490 584 1587 casu
598 1492 766 1566 turbante
781 1488 938 1586 serenus,

80 1589 274 1685 Perspicuis
294 1589 410 1666 illimis
429 1591 546 1684 aquis,
574 1589 607 1662 ἃ
624 1591 780 1686 gramina
796 1593 929 1668 circum

79 1675 295 1768 Fundebent
308 1691 410 1762 laetos
426 1693 530 1762 vario
546 1687 591 1762 de
606 1687 697 1762 flore
709 1695 866 1766 colores.

13 1883 14 1892 ,
79 1791 188 1868 Hunc
209 1793 342 1864 circum
356 1780 548 1864 innumerae
565 1803 708 1886 gentes,
736 1791 933 1886 populique
952 1787 1100 1866 coibant

82 1893 200 1990 Quarn
216 1889 307 1964 varii
324 1889 485 1986 generis,
512 1885 635 1981 sexus,
659 1889 795 1982 atatis,
821 1892 987 1984 honoris,

79 1989 269 2084 Innuptae,
295 2002 487 2082 nuptaque
502 1987 620 2080 simul,
636 1991 854 2082 ridereque,
879 2009 1076 2086 nurusque,
1104 2070 1107 2092 ⁸
1230 2001 1232 2010 ’

79 2089 262 2182 Infantes,
287 2093 480 2185 puerique,
506 2089 598 2180 viri,
621 2087 866 2182 juvenesque,
892 2085 1075 2184 senesque.

80 2187 154 2267 Hic
165 2189 227 2264 ubi
238 2189 438 2286 multigenis
454 2183 569 2262 flexos
586 2189 792 2262 incumbere
809 2191 925 2284 pomis
969 2183 974 2188 ’

82 2287 287 2366 cernebant
301 2285 442 2384 sauros,
470 2287 654 2378 avidisque
670 2291 844 2384 attingere
861 2287 995 2362 dennis
1104 2292 1110 2310 ’

82 2389 317 2482 Gaudebant‚
342 2387 503 2461 madidos
525 2387 654 2460 coelesti
673 2387 814 2460 nectare
832 2385 983 2482 frustum
1048 2447 1053 2487 :

78 2483 167 2575 Nec
179 2489 276 2583 prius
293 2487 361 2560 hos
377 2497 548 2582 poterant
566 2486 702 2579 cupidis
720 2486 912 2582 decerpere
927 2485 1066 2582 palmis,
1133 2511 1136 2522 ·

147 2611 202 2664 am
221 2589 397 2678 lutulenta
411 2587 479 2657 vire
494 2584 642 2682 vestigia
658 2585 748 2660 soede
763 2585 892 2680 prioris

123 2703 326 2780 mererent,
353 2684 557 2782 corpusque
574 2687 637 2778 pio
654 2685 698 2758 de
718 2685 823 2760 sonte
840 2689 1017 2764 lavarent.
1048 2680 1053 2699 ’

82 2787 184 2886 Ergo.
201 2789 261 2860 diu
278 2787 411 2860 circum
427 2783 619 2879 speciantes
638 2788 795 2884 grarnine
806 2787 922 2884 molli,
1107 2840 1130 2884 ¹,

84 2887 286 2984 Suscipiunt
300 2888 369 2958 alta
384 2885 581 2980 pendentes
599 2889 730 2958 arbore
746 2885 891 2962 fruetus.

13 3043 14 3092 ,
82 2983 181 3064 Tum
193 2985 219 3059 sr
233 2987 293 3080 qui
308 3009 353 3077 ex
367 2987 435 3058 illis
452 2983 589 3078 delapsa
605 2985 787 3080 putamina
804 2987 924 3078 remis,

13 3125 36 3146 ι·
82 3085 134 3162 Et
148 3087 291 3180 dulces,
317 3087 433 3160 multo
449 3101 613 3178 rorantes
630 3082 788 3178 bellare,
815 3083 962 3158 frondes

83 3184 309 3280 Vescuntur,
334 3205 445 3258 veros
463 3197 639 3278 exoptant
652 3183 787 3256 sumere
806 3182 951 3259 srutlus.

13 3311 14 3320 ¹
133 3309 165 3380 3,
191 3283 291 3382 Ergo
310 3283 373 3358 ubi
390 3279 564 3358 coelestem
583 3299 759 3378 ceperunt
777 3303 842 3355 ora
859 3281 1034 3382 saporem,
1132 3344 1137 3364 .

13 3579 15 3656 l

82 3383 292 3463 Permutant
305 3385 464 3474 animos,
493 3383 680 3457 &mentes
700 3383 851 3476 perdere
867 3403 991 3456 avaras
1053 3410 1057 3418 ·

83 3485 286 3582 Incipiunt,
312 3485 476 3578 dulcique
492 3483 674 3556 hominem
691 3481 911 3580 cognoscere
927 3479 1035 3560 sensu.

83 3581 270 3662 Insolituur
286 3587 405 3682 multis
421 3582 640 3656 stomachum
657 3579 806 3656 movisse
821 3581 983 3674 saporem

84 3685 267 3766 Vidimus,
293 3681 433 3758 &fellis
453 3699 673 3756 commotum
690 3686 795 3756 melle
814 3701 996 3759 venenum

80 3781 258 3890 rejecisse
271 3785 392 3858 bonos
413 3786 555 3857 turbata
571 3801 691 3856 ruente
710 3781 870 3876 sapores:

82 3883 164 3958 Aut
177 3885 282 3959 avide
296 3883 469 3980 sumptum
489 3903 565 3954 non
583 3881 761 3976 dilexisse,
790 3882 922 3974 diuque

82 3978 135 4060 Et
147 3983 239 4062 mule
253 3999 420 4086 potatum
437 3984 580 4104 taudem
597 3979 795 4082 evomusse
811 3979 983 4084 saporem.
1014 4029 1023 4039 -

945 4092 953 4102 ‘
993 4077 1094 4177 Saepe
1228 4159 1261 4176 ³
