2602 4336
103 142 229 237 ,394
316 111 1083 236 q,,serrastomfstnrotnrtrtr

154 285 260 368 ambo
285 280 356 356 sme
375 291 530 371 autore,
555 277 626 354 sine
645 275 741 352 Deo.
795 277 886 375 Quis
907 299 968 355 me·
984 276 1092 352 Deus
1117 273 1219 371 subji-

153 385 204 460 cit
220 380 512 476 contemporali,
547 373 762 452 coaetaneo?
796 372 920 468 slqllia
939 377 1040 452 Deus
1070 375 1218 472 dieitur,

150 471 270 562 haheo
288 481 320 556 δι
335 502 402 578 ego
418 499 535 554 meum
548 499 691 552 nomen.
742 473 820 548 Aut
835 499 903 574 ego
920 473 993 552 sum
1011 477 1143 568 Deus,
1159 489 1219 552 aut

151 578 212 655 ille
228 581 389 676 materia:
409 579 489 674 quia
503 579 607 654 ambo
624 573 738 654 somus
755 578 853 668 quod
869 580 958 650 alter
975 575 1027 664 pst
1041 575 1218 664 nostrum.

152 679 261 758 Putas
282 682 401 770 itaque
426 679 608 752 materiam
627 675 713 773 Deo
737 697 814 752 uon
837 673 1077 772 comparasse,
1113 699 1217 771 quarn

151 775 289 870 scilicet
307 777 465 870 subjiciat
479 775 554 854 illi?
837 863 840 870 ,

32 957 41 972 ,
231 887 263 960 8.
289 876 426 973 Atquin
450 877 556 950 etiam
578 875 869 972 praeponit'illam
886 873 1003 970 Deo,
1037 875 1075 952 ἃ
1096 873 1219 950 Deum

38 1062 42 1068 ¹
153 979 279 1080 'potius
306 975 444 1069 subjicit
468 976 645 1067 materie,
679 992 760 1054 curn
784 975 865 1048 vult
891 995 972 1050 euru
996 975 1043 1049 de
1069 975 1223 1052 materie

153 1075 285 1154 cunita
309 1074 439 1152 secilsc.
501 1073 537 1148 Si
562 1077 654 1148 enim
681 1097 723 1149 ex
751 1075 810 1151 illa
839 1073 917 1148 usus
952 1073 1002 1150 est
1036 1075 1081 1148 ad
1109 1095 1223 1170 opera

22 1247 23 1250 ,
151 1177 296 1257 mundi:
326 1177 396 1270 jam
420 1175 620 1250 &materia
645 1171 804 1266 superior
829 1175 1033 1268 invenitur,
1063 1195 1147 1264 quae
1174 1174 1222 1250 illi

153 1279 296 1372 copiam
322 1275 493 1368 operandi
520 1273 819 1366 ssrlrministrauit‚
854 1273 887 1361 hc
915 1273 1012 1348 Deus
1039 1273 1223 1357 subiectus

153 1377 310 1456 materiae
323 1375 480 1468 videtur,
494 1369 593 1468 cujuo
615 1371 808 1448 substantiae
827 1377 934 1468 eguit.
986 1371 1113 1449 Nemo
1129 1377 1224 1449 enim

153 1483 232 1552 non
245 1487 327 1570 eget
342 1495 408 1567 eo,
428 1474 472 1546 de
487 1474 586 1564 cujus
607 1474 738 1551 utitur:
764 1495 872 1548 nemo
890 1494 962 1546 non
979 1471 1173 1566 subjicitur
1192 1473 1224 1552 ei

155 1566 256 1672 cujus
274 1587 376 1669 eget,
392 1590 431 1646 ut
444 1574 548 1666 pollit
560 1571 629 1644 uti:
648 1572 693 1648 sic
712 1573 744 1646 δι
761 1595 867 1648 nemo
886 1573 929 1646 de
945 1577 1065 1648 alieno
1079 1574 1222 1648 utendo

154 1693 232 1750 non
252 1676 370 1752 minor
393 1671 443 1746 est
463 1695 535 1764 eo,
569 1671 613 1746 de
640 1673 738 1764 cuius
764 1674 889 1748 utitur.
945 1671 996 1744 Et
1021 1694 1137 1746 nemo
1164 1672 1224 1764 qui

154 1768 296 1870 praestat
321 1773 365 1847 de
390 1771 549 1862 suomi,
577 1772 705 1846 nonin
726 1773 796 1846 hoc
811 1793 888 1844 non
905 1768 1069 1866 superior
1087 1771 1142 1845 est
1163 1784 1224 1864 eo,

155 1875 214 1947 tui
234 1873 371 1964 praestet
387 1875 449 1948 uti.
487 1872 611 1964 ltaque
626 1873 772 1946 materia
789 1871 861 1964 ipsa
877 1872 1016 1962 quidem
1038 1871 1129 1947 Deo
1149 1891 1226 1946 non

155 1963 280 2068 ‘egum'
306 1971 363 2044 sed
384 1967 513 2066 eguisse
534 1967 618 2044 Deo
643 1969 824 2064 prestitit,
855 1966 968 2045 divite
985 1968 1227 2066 &locuplete

157 2056 374 2169 inliberali,
406 2069 536 2148 minori
557 2071 689 2164 opinor
711 2068 744 2144 u
768 2070 928 2144 invalido
945 2071 983 2143 ta
1004 2072 1127 2146 minus
1149 2071 1226 2146 ido·

155 2171 231 2246 heo
259 2169 302 2242 de
328 2162 441 2244 nihilo
473 2167 627 2262 facere,¹
654 2189 742 2262 quae,
759 2170 858 2248 velit.
917 2169 1063 2244 Grande
1092 2191 1227 2246 revera

156 2265 375 2344 beneficium
406 2267 491 2344 Deo
525 2269 707 2360 contulit,
741 2281 782 2344 ut
812 2269 962 2344 haberet
986 2271 1125 2362 hodie,
1163 2290 1227 2366 per

159 2387 265 2462 quem
290 2367 390 2442 Deus'
414 2367 713 2465 cognosceretur,
748 2367 782 2440 tr
811 2371 1042 2461 omnipotens
1067 2391 1226 2445 vocare

157 2473 234 2560 tur,
248 2467 310 2542 nisr
327 2467 424 2562 quod
437 2471 507 2564 jam
521 2490 596 2542 non
611 2469 839 2564 omnipotens
853 2493 862 2541 ι
878 2469 902 2542 sr
919 2489 996 2544 non
1014 2469 1049 2542 δι
1065 2471 1147 2544 hoc
1163 2493 1227 2562 po·

158 2575 263 2656 cens,
290 2589 335 2640 ex
356 2569 468 2644 nihilo
491 2569 609 2642 omnia
632 2567 807 2662 proferre.
859 2565 949 2643 Sane
966 2569 1226 2664 &ibipraestl-

159 2663 208 2738 tit
221 2666 352 2759 aliquid
364 2667 531 2758 materia,
557 2679 598 2740 ut
613 2665 731 2759 &ipsa
746 2687 826 2745 cum
842 2667 924 2742 Deo
938 2669 1044 2760 poffit
1062 2669 1227 2765 agnosci,

161 2767 352 2858 coaequalis
378 2767 485 2860 Dec,
517 2769 625 2842 immo
654 2764 881 2858 coadjutrix:
914 2768 975 2842 nisr
1001 2771 1105 2860 quod
1132 2769 1227 2842 solus

161 2883 241 2937 eam
257 2863 508 2963 Hermogenes
525 2867 724 2962 cognovit,
751 2866 784 2938 δι
803 2867 1055 2944 hereticorum
1074 2872 1228 2962 patriar·

163 2961 240 3040 chae
262 2963 493 3064 philosophi.¹
526 2963 716 3058 Prophetis
737 2967 830 3040 enim
851 2965 885 3042 &
903 2965 1095 3064 Apostolis
1113 2989 1230 3066 usque

161 3059 405 3140 adhuclatuit.
456 3065 551 3139 Puto
567 3063 600 3136 hc
614 3062 765 3142 Christo.
988 3121 993 3131 .

156 3159 160 3170 ’
237 3183 271 3256 9.
297 3161 388 3237 Non
405 3163 524 3258 potest
541 3163 658 3237 dicere
674 3159 795 3238 Deum
815 3179 859 3236 ut
874 3164 1061 3243 dominum
1076 3169 1230 3243 materia

163 3256 265 3338 usum
290 3261 469 3358 ad-opera
490 3263 629 3336 mundir
654 3261 754 3336 Deus
782 3265 875 3340 enim
901 3287 977 3338 non
1003 3271 1135 3358 potuit
1162 3267 1229 3342 eise
1278 3359 1279 3362 Ν

162 3353 360 3462 substantiae
381 3362 591 3456 coaequalis,
617 3359 675 3436 sed
694 3365 858 3456 precario
879 3363 1027 3440 forsitan
1047 3365 1137 3442 usus
1162 3367 1227 3444 est:
1278 3363 1279 3370 '

165 3451 305 3532 &ideo
328 3461 513 3554 precario,
546 3481 623 3536 non
644 3459 833 3552 dominio,
863 3479 935 3556 ut,
966 3485 1049 3538 cum
1076 3489 1126 3542 ea
1141 3469 1231 3542 mala

153 3575 241 3647 ,non
266 3555 372 3654 eliet,
398 3559 442 3636 de
463 3563 552 3636 mala
570 3572 689 3634 tamen
708 3559 905 3638 sustinuerit
926 3563 999 3653 uti,
1025 3563 1174 3642 scilicet
1189 3587 1229 3650 er
1278 3569 1279 3588 ¹

162 3651 368 3736 neceffitate
382 3658 638 3756 mediocritatis
654 3655 743 3755 sue,
768 3685 839 3756 qua
849 3683 927 3736 non
947 3663 1102 3741 valebat
1120 3691 1171 3742 ex
1185 3661 1228 3742 ni·

165 3749 241 3840 hilo
258 3759 328 3834 uti:
346 3777 425 3836 non
438 3757 695 3869 apeteliote,
711 3762 852 3871 quamsi
865 3758 1042 3842 habuisset
1061 3769 1230 3858 omnino,
