2602 4336
106 156 110 167 ·
211 131 898 245 en„v.unsusiissull⁰⁰·¹⁴ffl‘-
1003 155 1073 234 ²⁹⁹
1171 157 1176 166 ¹

36 289 176 386 le,suo
190 305 309 368 tamen
326 293 497 394 arbitrio,
511 295 609 371 bona
620 293 822 388 protuliffe,
843 294 933 386 quest
949 293 1070 372 nudus

36 415 150 468 ionum
165 394 333 483 materie,
346 415 543 484 quanquam
558 394 674 468 &hoc
686 407 791 488 turpe
804 393 862 470 fit:
880 408 978 468 certe
988 415 1070 470 cum

36 493 193 568 neodem
204 493 408 568 etiammala
418 493 725 586 profertvelhaec
735 497 942 588 utiquenon
952 495 995 568 de
1005 491 1069 570 suo

36 594 160 668 rbitrio
178 591 398 686 proferendo
420 591 530 667 servit
544 597 712 686 materie,
731 593 825 668 aliud
842 615 917 668 non
933 593 1066 670 habens
1105 652 1109 661 ,

36 691 151 786 heere,
163 713 266 785 quarn
281 715 325 766 ex
341 694 435 779 malo
450 693 627 786 proferre,
644 695 778 768 invitus
791 695 914 786 utique
925 716 993 786 qua
1003 695 1068 768 bo·
1151 725 1155 734 ·

36 813 99 880 rus,
112 791 366 868 exneceffitate
381 803 421 864 ut
433 792 627 886 invitus,&
641 815 685 866 ex
701 791 885 885 servitute,
896 808 938 866 ut
950 815 994 868 ex
1010 815 1072 870 ue·

36 891 178 966 eunte.
206 893 303 989 Quid
318 911 403 989 crgo
417 891 568 987 dignius,
581 915 626 968 ex
638 893 840 969 neceffitote
856 915 937 968 eum
949 893 1069 967 condi-

36 987 101 1064 lille
115 993 224 1086 mala,
251 1013 296 1066 an
313 995 357 1066 ex
372 991 589 1066 voluntate?
615 989 793 1086 Siquidem
809 1015 853 1067 ex
869 991 1071 1072 necesitate

36 1089 196 1184 :ondidit,
222 1091 306 1166 hex
325 1091 481 1168 materie.
532 1089 589 1166 Ex
602 1093 815 1188 voluntate,
841 1093 927 1167 hex
945 1093 1070 1174 nihilo.

36 1187 94 1278 [am
110 1192 200 1270 enirn
218 1191 291 1264 fine
307 1187 420 1264 caull'a
433 1193 588 1286 laboras,
606 1214 653 1266 ne
668 1193 842 1292 malorum
862 1205 967 1266 autor
985 1211 1070 1268 cou-

36 1285 176 1363 iiruatur
194 1289 316 1364 Deus:
342 1291 423 1382 quia
443 1291 505 1366 etsr
523 1291 566 1364 de
585 1291 733 1368 materia
751 1291 865 1386 fecit,
884 1291 946 1386 ipsi
963 1291 1071 1386 depu-

36 1389 207 1482 ebuntur,
235 1389 296 1484 qui
314 1387 423 1484 fecit,
450 1393 602 1484 proinde
621 1405 792 1484 quatenus
815 1391 926 1470 fecit,
963 1389 1073 1467 Plane

36 1485 67 1560 ic
89 1487 251 1584 interest,
285 1487 381 1569 unde
408 1487 562 1584 fecerit,
595 1513 636 1566 ac
661 1491 687 1566 sr
712 1491 757 1565 de
780 1491 894 1568 nihilo
915 1487 1070 1568 fecillet:

36 1605 87 1658 rec
101 1587 242 1666 interest
261 1589 357 1666 unde
376 1588 524 1683 iecerit,
548 1603 590 1662 ut
607 1589 690 1666 inde
705 1591 854 1684 fecerit,
880 1591 975 1665 unde
989 1614 1071 1667 eum

36 1687 124 1780 uagis
139 1689 268 1766 decuit.
322 1688 438 1784 Magis
453 1703 666 1766 autemeum
684 1691 805 1767 decuit
819 1713 864 1766 ex
880 1693 1071 1768 voluntate

36 1781 162 1880 iccille,
186 1811 292 1882 quam
312 1809 356 1864 ex
373 1791 592 1866 necestitate:
617 1789 651 1862 id
673 1789 724 1864 est
740 1813 787 1868 ex
804 1791 916 1866 nihilo
932 1791 1070 1886 potius,

36 1901 122 1976 ruam
139 1910 183 1962 ex
198 1891 358 1966 materia.
409 1887 560 1986 Dignius
575 1887 626 1964 est
638 1889 758 1968 Deum
776 1891 884 1966 etiam
897 1891 1073 1992 malorum
1153 1961 1160 1968 .

36 1997 179 2062 tutorem
201 1989 355 2064 liberum
382 1989 554 2084 credere,
582 2011 685 2084 quam
710 1987 871 2068 servum:
908 2011 1071 2086 quecun·

36 2099 89 2174 rue
113 2087 264 2181 potestas
289 2089 355 2185 ei,
389 2111 491 2181 quam
518 2089 708 2184 pusillitas,
743 2091 928 2190 competit.
981 2089 1072 2166 Si&

36 2179 68 2256 ic
81 2187 328 2284 concedimus,
343 2189 523 2264 materiam
538 2189 678 2283 quidem
696 2190 782 2266 nihil
798 2191 887 2264 boni
900 2189 1070 2284 habuille,

37 2275 197 2364 lominum
216 2311 338 2380 vero,
364 2287 488 2383 siquid
505 2291 593 2364 boni
608 2287 739 2383 edidit,
768 2289 828 2366 sua
845 2291 982 2366 virtute
1003 2291 1075 2366 edl-

37 2377 124 2460 lille:
156 2388 228 2460 alie
248 2409 350 2482 eque
371 2391 584 2463 oborientur
609 2387 830 2482 questiones.
880 2389 1023 2484 Primo,
1046 2389 1073 2465 fi

37 2481 155 2558 honum
177 2485 214 2560 in
238 2489 388 2564 materie
410 2487 545 2564 scilicet
568 2505 645 2562 non
670 2488 804 2565 hebuit
853 2487 1020 2582 Dehinc,
1045 2487 1072 2564 li

37 2593 97 2652 non
115 2603 158 2656 er
174 2589 346 2682 materis,
368 2587 440 2681 jam
463 2609 549 2684 ergo
576 2609 621 2662 ex
642 2587 726 2662 Deo
751 2589 891 2666 fuitum
940 2589 978 2662 Si
1002 2609 1072 2666 nec

37 2694 71 2746 ex
84 2673 187 2776 Deo,
217 2685 289 2778 jam
312 2709 400 2784 ergo
419 2709 464 2762 ex
486 2689 600 2764 nihilo
621 2685 760 2767 fatum.
810 2689 896 2764 Hoc
911 2691 1004 2770 enirn
1019 2685 1073 2766 su·

37 2775 136 2864 petest
150 2779 341 2862 secundum
357 2787 593 2884 Hermogenis
615 2787 890 2882 dispofiuonem.

59 2909 63 2926 ·
99 2895 151 2966 15.
176 2881 293 2960 Porro
316 2885 343 2962 ri
366 2889 528 2980 bonum,
563 2907 681 2980 neque
707 2911 753 2964 ex
772 2889 920 2966 materia
944 2885 1075 2966 fluum

37 2965 101 3064 tst,
132 2981 313 3069 quianon
339 3001 414 3064 erat
433 2988 470 3060 in
493 2987 576 3081 illa,
609 2989 711 3062 utin
735 2989 851 3078 mala3
884 3009 1001 3084 neque
1027 3007 1074 3066 cx

37 3063 130 3167 D00,
162 3083 243 3172 quia
265 3083 353 3161 nihil
379 3085 499 3184 potuit
523 3107 569 3160 ex
588 3085 674 3162 Deo
699 3083 803 3180 herl,
834 3085 923 3162 licut
947 3082 1072 3197 dehnit

37 3161 264 3274 hermogenes
272 3203 287 3260 r.
309 3185 492 3264 invenitur
505 3189 643 3262 bonum
654 3187 727 3280 jam
741 3209 787 3264 ex
801 3187 912 3264 nihilo
928 3185 1072 3282 fartum,

37 3275 66 3338 lt
81 3291 124 3348 ex
141 3279 241 3354 nullo
265 3281 417 3379 fotium,
442 3301 485 3360 ut
502 3307 619 3378 neque
645 3307 691 3367 ex
715 3285 862 3362 materia
885 3307 1003 3378 neque
1028 3306 1075 3362 ex

37 3357 116 3448 000.
176 3373 225 3450 Et
241 3381 266 3454 h
285 3385 424 3460 bonum
445 3407 490 3460 ex
512 3383 645 3479 nrlrilo,
681 3409 744 3462 cur
767 3407 845 3462 non
864 3385 898 3460 dt
919 3383 1074 3464 malum?

38 3482 95 3574 ΨΟ
119 3489 180 3586 cur
205 3499 284 3556 non
311 3486 429 3560 omnia
451 3507 496 3560 ex
514 3485 648 3578 nihilo,
675 3485 847 3578 heliquid
867 3507 911 3560 ex
929 3483 1072 3564 nihilol
1096 3509 1104 3548 r

38 3561 85 3670 ilfi
99 3565 124 3637 h
140 3571 349 3656 rnlufficiens
366 3583 435 3660 luit
449 3583 570 3658 divina
583 3587 697 3661 virtus
713 3587 878 3660 omnibus
891 3583 1076 3677 poducen·

38 3655 100 3776 ³¹⁸?
123 3689 200 3758 ‘luae
221 3677 351 3770 aliquid
373 3683 567 3780 protulerit
588 3707 633 3760 ex
649 3685 790 3760 nihilo:
820 3681 922 3758 eutii
942 3705 986 3762 ex
1005 3705 1077 3786 mu·

38 3764 114 3836 i²²1¹!
137 3769 390 3861 umbonum
412 3777 599 3880 precellit:
632 3785 715 3880 quio
740 3801 857 3882 neque
873 3805 928 3892 ¹err
950 3783 1077 3890 nihilo,

913 3901 1030 3978 neque
