2638 4342
70 259 72 264 ,
176 209 253 293 dae
335 162 1073 308 Q.Srer.F1,on.,Tear‚unraur

111 321 120 356 Ι
180 362 408 458 exarmant,
442 353 489 440 ne
518 362 702 460 scalptus,
739 371 836 442 neve'
864 357 985 457 rasus,
1021 383 1069 436 ne
1097 359 1243 441 adulter

47 523 49 534 .
182 468 307 542 etiam:
329 465 514 540 dominum
529 467 725 562 crediruus,
752 465 970 565 poenitentiae
982 465 1244 558 probationem

172 567 280 662 ¹prius
296 561 406 656 inire,
420 577 566 654 vtantam
580 565 691 640 nobis
706 564 906 640 mercedem
920 564 1085 658 perennis
1104 561 1245 638 scilicet

181 665 269 741 vite
282 661 556 739 concessurum?
582 661 652 740 Sed
665 662 866 739 differamus
881 659 1050 756 tantisper
1065 663 1246 757 preniten-

41 785 44 801 ·
181 765 241 838 tiae
269 761 469 836 veritatem.
530 761 637 836 Tunc
674 765 807 857 opinor
834 762 1043 840 emendatos
1060 763 1245 858 liquebit,

184 881 266 940 cum
289 860 518 940 absolvimur.
568 859 683 938 Nullo
703 859 820 958 padio.
870 859 940 934 Sed
963 883 1043 932 cum
1059 859 1246 957 pendente

181 963 317 1055 venia,
349 981 453 1054 poeoa
475 959 719 1055 prospicitur,
753 981 835 1038 curn
861 959 1143 1038 adhucliberari
1164 983 1245 1038 noo

181 1081 382 1154 meremur,
406 1073 451 1135 ut
469 1059 634 1154 polimus
654 1063 804 1155 mereri,
830 1079 911 1134 cum
929 1059 1027 1132 Deus
1049 1063 1245 1159 commina-

128 1160 135 1174 “
184 1175 272 1256 tur,
303 1177 381 1234 non
406 1181 485 1234 curn
506 1157 668 1257 ignoscit.
697 1185 699 1196 ·
732 1162 822 1260 Quis
850 1159 945 1234 enim
968 1159 1112 1252 seruus,
1143 1160 1246 1262 posi·

183 1281 289 1355 quam
310 1259 478 1343 libertate
498 1273 658 1337 mutatus,
675 1257 752 1354 est,
789 1257 887 1332 furta
913 1255 971 1332 sua
992 1259 1027 1330 δι
1050 1257 1152 1356 fugae
1179 1259 1245 1336 sibi

182 1356 365 1455 imputat?
402 1359 493 1458 Quis
517 1361 617 1434 milet
641 1357 825 1454 postquam
851 1355 969 1430 castris
993 1358 1061 1432 suis
1086 1355 1245 1454 ennius,

182 1479 255 1562 pro
273 1459 371 1532 notis
395 1454 464 1533 suia
486 1454 635 1556 satagit?
660 1459 835 1535 Peccator
850 1459 1088 1535 anteveniam
1107 1454 1246 1544 deflere

72 1567 85 1584 '
184 1557 221 1636 se
237 1557 364 1634 debet:
389 1557 471 1649 quia
483 1571 624 1651 tempus
636 1559 875 1652 poenitentiae,
895 1555 1018 1648 idest,
1040 1555 1138 1648 quod
1151 1559 1246 1652 peri·

182 1659 258 1745 ¹culi
279 1655 315 1732 dt
335 1657 486 1733 timoris.
544 1655 677 1750 Neque
693 1679 765 1756 ego
787 1677 902 1730 renuo
928 1655 1088 1732 divitium
1106 1653 1245 1738 benefi-

185 1757 301 1850 cium,
326 1755 447 1848 idest,
475 1757 709 1832 abolitionem
730 1756 941 1830 deliilorum
957 1755 1095 1828 iniuriis
1115 1775 1246 1850 aquam

185 1855 398 1940 omnimodo
416 1853 552 1930 salvum
572 1855 659 1932 else:
686 1856 744 1931 sed
761 1871 803 1928 ut
821 1876 871 1950 eo„
888 1858 1081 1950 pervenire
1101 1858 1248 1932 contin·

186 1971 266 2054 gat,
287 1955 543 2031 elaborandum
556 1953 616 2031 est.
666 1957 757 2057 Quis
771 1957 862 2031 enim
874 1951 940 2028 tibi
957 1969 1027 2028 tam
1040 1950 1157 2030 infide
1170 1975 1245 2050 ρω-

184 2057 345 2134 nioentiae
359 2055 461 2147 viru,
483 2053 699 2152 asperginem
711 2075 816 2128 unam
832 2055 1020 2149 cujuslibet
1034 2074 1132 2148 aque
1145 2075 1231 2132 com

34 2203 42 2216 .
178 2151 373 2236 modabiti
407 2152 505 2226 furto
526 2155 668 2247 quidem
689 2153 858 2251 aggredi,
884 2151 1161 2248 &praepofitum
1179 2153 1245 2228 hu·

182 2256 241 2352 jus
255 2255 308 2331 rei
321 2249 639 2331 asseverationibus
650 2256 720 2328 tuis
734 2253 950 2348 circumduci
962 2253 1065 2326 facile
1078 2253 1140 2336 eil.
1173 2253 1248 2330 Sed

17 2393 28 2444 χ
185 2352 289 2430 Deus
304 2350 472 2428 thesauro
488 2351 552 2426 suo
574 2355 767 2450 providet,
800 2375 870 2428 nec
891 2353 971 2426 smit
993 2356 1170 2448 obrepere
1193 2354 1248 2430 in·

187 2455 328 2552 dignos.
379 2451 477 2556 Quid
496 2452 649 2553 denique
664 2451 738 2528 aitl
767 2453 869 2530 luizo
882 2453 1053 2540 occultum,
1077 2457 1156 2550 quod
1176 2479 1247 2528 non

188 2553 391 2632 revelabitur.
449 2555 765 2726 Qssantascumque
787 2553 956 2630 tenebrae
978 2547 1077 2629 fadis
1099 2553 1171 2628 uris
1193 2551 1249 2628 su·

186 2643 450 2767 p'epstruxeris,
520 2675 582 2730 eus
606 2653 726 2728 iumen
751 2651 812 2728 esi
875 2647 1030 2752 Quidam
1056 2653 1253 2732 antemio

185 2749 800 2950 tpluil’uissiiziuii‘l
814 2749 1250 2944 intitulare

189 2951 292 3026 cimt
311 2945 532 3028 servitutem.
584 2951 697 3054 Quod
715 2951 741 3025 fi
756 2949 959 3028 necessitate
979 2951 1086 3024 nobis
1103 2949 1250 3044 symbo-

185 3047 265 3129 lum
278 3049 407 3124 mortis
423 3049 610 3156 indulget,
645 3070 732 3150 ergo
751 3049 888 3126 invitus
907 3047 1013 3124 facit:
1047 3049 1123 3142 quis
1149 3053 1251 3132 enim

207 3149 366 3241 ,ermittit
388 3149 652 3246 permansurum
672 3151 734 3244 id,
769 3149 868 3243 quod
890 3149 1058 3224 tribuerit
1082 3147 1252 3228 invitus?

95 3309 102 3326 ,
140 3312 142 3321 ,
177 3293 179 3298 -
211 3269 282 3324 ,οη
301 3245 394 3328 enim
412 3251 514 3326 multi
535 3245 873 3346 posteaexciduntl
904 3265 981 3350 non
1002 3271 1022 3322 a
1043 3251 1164 3326 multis
1184 3253 1252 3332 do·

115 3363 119 3370 ·
189 3364 277 3442 pum
292 3345 379 3424 illud
396 3343 581 3426 aufertur?
611 3345 660 3426 Hi
682 3345 763 3426 sunt
786 3348 943 3444 scilicet,
969 3351 1029 3443 qui
1048 3351 1250 3449 obrepunt,

165 3489 168 3498 ,
188 3445 251 3538 qui
270 3448 488 3541 penitentie
505 3443 613 3524 fidem
633 3447 802 3547 aggredi,
838 3443 941 3542 super
959 3467 1083 3524 arenas
1100 3449 1254 3530 domum

187 3543 569 3626 ruiuuamcollocant.
621 3545 743 3624 Nemo
759 3567 848 3646 ergo
871 3545 933 3624 fibi
955 3547 1138 3644 aduletur,
1164 3554 1253 3644 quia

187 3641 284 3718 inter
303 3644 505 3750 auditorum
527 3643 696 3722 tirocinia
716 3645 929 3747 deputam,
956 3649 1050 3740 quasi
1069 3671 1116 3724 eo
1139 3653 1253 3730 etiam

66 3811 71 3819 .
189 3761 289 3818 nunc
305 3743 368 3818 fibi
383 3743 590 3840 delinquere
609 3743 727 3825 liceat.
778 3740 1129 3824 Dominunnnulc
1157 3771 1254 3848 gno·
1300 3743 1303 3760 ⁴

187 3839 308 3952 uuir,
326 3841 596 3954 fimeurasrmtd
604 3843 1042 3950 inspexerimtevereeria.
1076 3845 1128 3924 Ce
1176 3871 1254 4023 pm

815 3978 847 4006 ‚2
1113 3951 1211 4044 qui·
