2602 4336
154 117 227 222 gre
302 95 350 196 Q.
375 89 510 170 star.
535 91 680 172 Fusa.
706 87 1069 175 Terruerunt

62 343 65 350 ,
155 256 365 341 debebimus
386 252 450 331 ino
471 253 634 352 ordine)
643 255 750 330 etiam
768 253 913 330 homini
924 253 1110 350 tenebre,
1134 246 1225 332 viee

154 357 245 434 biles
268 353 358 432 sunt.
413 353 499 432 Hoc
524 356 617 450 eninr
638 354 775 448 ipsum,
811 353 911 447 quod
932 351 1012 427 sunt
1038 353 1224 448 tenebre,

155 457 329 548 videtur,
358 454 488 528 nedum
502 455 599 529 Deo.
650 453 699 528 Et
721 455 845 546 utique
863 454 888 528 st
907 453 1090 527 invisibilis
1111 449 1224 546 effer,

155 558 258 634 nulio
274 554 387 630 modo
402 553 681 649 cognosceretur
699 554 892 647 qualitas
862 575 949 648 ejus.
1001 551 1112 628 Unde
1124 571 1223 649 ergo

156 668 364 773 compertus
384 651 434 726 est
452 654 699 752 Hermogenes
718 653 910 730 informem
929 651 1164 726 &confusam
1185 651 1225 728 ds

156 755 351 848 inquietam
368 753 463 828 iilam
479 751 602 848 fuisse,
626 777 702 847 quae
718 767 760 826 ut
773 753 956 829 invis1bilis
975 752 1225 828 latebatzaut

156 855 275 930 fihoc
296 852 415 926 aDeo
434 855 633 928 revelatum
656 853 728 945 est,
753 854 908 946 probare
930 853 1048 926 debet.
1100 851 1160 924 Sic
1184 851 1224 929 ἁ

158 976 204 1028 an
225 953 322 1026 rudis
343 939 412 1024 dici
435 957 596 1047 ponterit
620 907 823 1046 expoiiulo.
875 939 984 1026 Certe
1008 949 1102 1026 enim
1126 951 1225 1024 rude

157 1053 245 1128 illud
259 1051 332 1144 est,
360 1052 457 1144 quod
472 1053 716 1150 imperfedtum
732 1052 792 1128 est.
845 1050 954 1126 Certe
971 1049 1225 1144 imperfettum

157 1175 236 1231 non
256 1149 376 1245 potest
397 1149 489 1244 eise,
517 1154 579 1226 nifi
601 1153 699 1244 quod
720 1151 849 1228 sudium
868 1151 930 1226 est.
988 1149 1101 1250 Quod
1121 1149 1225 1224 enim

106 1326 110 1337 ,
157 1255 275 1328 minus
299 1249 429 1326 fuitum
453 1249 527 1345 est,
552 1251 797 1345 imperfedrum
813 1250 873 1326 est.
933 1249 1063 1345 Certe,
1087 1251 1224 1364 inquis.

158 1349 259 1446 Ergo
277 1351 451 1445 materia,
483 1373 561 1466 quae
576 1349 667 1426 faita
682 1373 758 1426 non
778 1365 855 1426 erat
873 1351 1068 1442 intutum,
1089 1349 1225 1464 imper·

158 1449 253 1526 seua
269 1449 427 1535 essenon
443 1453 583 1544 potuit3
610 1474 686 1544 quae
698 1447 895 1546 inperfedta
906 1449 1085 1542 nonfuit,
1111 1451 1226 1530 etim

158 1551 257 1623 rudis
276 1571 351 1624 non
370 1549 448 1624 fuit
498 1550 642 1625 Initium
659 1573 736 1626 non
758 1553 916 1664 habens,
937 1551 1021 1642 quia
1033 1545 1124 1624 fadia
1140 1569 1225 1626 nou
1260 1621 1263 1627 .

145 1649 250 1766 sinit,
277 1651 392 1722 caruit
414 1649 448 1722 u
470 1650 688 1731 rudimento.
737 1649 834 1726 Initii
859 1650 954 1724 enim
979 1649 1145 1722 accidens
1168 1645 1225 1724 est

114 1749 413 1834 ‘rudimentum
472 1747 589 1833 Terra
612 1773 736 1846 vero,
769 1773 846 1844 quae
868 1748 960 1826 fana
981 1747 1057 1841 est,
1090 1747 1227 1822 meruit

150 1849 196 1924 ,dt
212 1849 309 1922 rudis
324 1847 406 1922 dici.
456 1846 581 1924 Statim
597 1851 689 1926 enim
703 1866 745 1924 ut
756 1849 848 1926 fatie
860 1848 932 1946 est,
957 1801 1082 1924 habuit
1092 1849 1225 1944 imper·

160 1946 422 2038 sedelocum,
449 1962 532 2022 ante
551 1949 821 2042 perfetiionem.
828 1969 830 1977 ⁴

238 2069 296 2142 29.
321 2043 501 2136 Siquidem
520 2049 640 2123 omnia
660 2046 773 2148 oper‘a
791 2047 851 2123 sua
868 2049 971 2123 Deus
987 2045 1120 2120 ordine
1133 2065 1225 2123 con·

159 2143 369 2236 summavit,
395 2147 536 2220 incultis
560 2149 678 2246 primo
703 2148 908 2246 elementis,
929 2147 1108 2264 depalans
1130 2167 1223 2239 quo-

154 2245 356 2320 dammodo
380 2245 578 2338 mundum3
616 2247 745 2324 dehinc
772 2249 956 2327 exornatis
990 2249 1094 2320 velut
1125 2245 1225 2320 dedi·

162 2365 260 2420 cans.
310 2345 405 2420 Nam
427 2345 460 2418 δι
482 2345 602 2422 lumen
622 2369 700 2422 non
719 2348 843 2424 statim
850 2345 1039 2442 splendore
1055 2343 1168 2422 solis
1156 2367 1223 2420 rm·

160 2446 304 2540 plevit,
338 2445 372 2518 dt
388 2447 555 2521 tenebras
571 2471 647 2522 non
661 2447 776 2523 statim
793 2442 921 2523 solatio
939 2449 1031 2524 lunae
1047 2459 1226 2540 tempera·

161 2548 241 2638 vit,
268 2545 443 2660 decuelum
456 2547 663 2664 nomitatim
675 2549 844 2622 sideribus
863 2547 1040 2662 stellisque
1051 2545 1221 2642 signavit,

164 2645 200 2717 tr
217 2665 327 2718 mana
340 2666 417 2718 non
434 2644 549 2721 stanm
560 2649 674 2722 beluas
686 2647 952 2741 frequentant,
978 2643 1135 2740 &ipsam
1150 2658 1222 2718 ter-

155 2764 239 2818 ·ram
252 2743 329 2816 non
343 2743 458 2820 statim
473 2748 573 2820 varia
586 2747 817 2822 foecunditate
830 2747 985 2824 dotavit.
1018 2745 1089 2819 Sed
1103 2745 1222 2837 primo

162 2840 283 2918 effe
252 2865 284 2916 er
301 2845 466 2920 connrlit.
518 2847 661 2922 Dehinc
680 2867 757 2924 non
775 2847 813 2920 in
825 2867 981 2920 vacuum
1001 2843 1070 2918 effe
1085 2843 1224 2939 supple·

163 2943 233 3020 vit.
284 2938 342 3016 sic
362 2943 456 3020 enim
474 2945 508 3020 dt
525 2945 663 3040 Esaias,
687 2973 754 3020 non
771 2953 970 3032 in·,uacuum
997 2945 1065 3038 ait,
1084 2945 1172 3037 sectr
1186 2945 1225 3020 ei·

63 3093 66 3100 ·
163 3035 246 3130 um,
267 3041 320 3132 sed
337 3021 448 3116 mha'bi
449 3051 527 3121 rari.
578 3002 705 3124 toties
727 3067 814 3145 ergo
834 3069 937 3140 quam
958 3045 1049 3120 faita
1070 3045 1143 3136 est,
1170 3044 1223 3120 fu·

20 3231 22 3236 ,
163 3155 248 3215 tura
271 3143 377 3216 etiam
399 3143 574 3240 perfetta:
607 3147 749 3222 interim
765 3161 843 3220 erat
858 3147 1042 3222 invisrbilis
1060 3145 1095 3219 t:
1112 3145 1224 3222 rudis.

37 3260 39 3269 ·
164 3241 281 3314 Rudis
300 3243 465 3339 quidem,
496 3247 570 3320 hoc
591 3267 736 3339 quoque
758 3247 858 3342 ipsu,
891 3245 990 3338 quod
1013 3243 1222 3336 inviiibilis;

163 3354 210 3412 ut
235 3363 304 3416 nec
338 3341 428 3416 visui
453 3343 609 3439 perfetta
633 3345 731 3421 srmul
761 3347 794 3419 u
821 3359 863 3418 ut
886 3347 931 3420 de
959 3347 1114 3459 reliquo·
1133 3367 1224 3420 non·

90 3439 253 3529 dum
271 3436 447 3518 instantia.
498 3441 685 3520 Invisibilis
701 3464 821 3540 vero,
846 3459 888 3518 ut
903 3445 1017 3521 adhuc
1034 3446 1135 3537 aquis
1149 3460 1223 3518 tan·

169 3559 274 3630 quam
287 3543 508 3618 munimento
522 3545 1040 3640 genitatrshumorisobdueta:
1065 3565 1139 3639 qua
1153 3547 1224 3620 for·

167 3661 248 3734 ma,
266 3641 372 3714 etiam
388 3641 512 3716 adfinis
529 3647 603 3738 ejus
617 3665 703 3717 caro
715 3646 836 3720 nostra
851 3646 1077 3739 producitur.
1112 3647 1220 3722 Nam

172 3737 374 3816 &David
363 3756 415 3816 tta
438 3745 551 3820 canit:
583 3749 721 3820 Domini
736 3747 778 3846 ιβ
796 3755 883 3822 terra
900 3741 1123 3848 &planitudo
1145 3753 1223 3866 rjus,
