2586 4334
780 107 846 241 ,t
1002 105 1038 217 ἢ.

153 235 229 328 604
285 237 332 336 Q.
357 233 493 310 Stre.
519 231 661 310 iton.
684 214 1073 354 Tearuttrrtrr,
1113 264 1159 313 r.

151 393 226 484 [ue.
277 393 389 492 Quod
402 391 465 468 etii
477 391 1211 489 transfigurationemdtconverlionemin

153 493 338 570 transuum
357 491 551 571 substantie
572 497 743 586 cujusque
765 491 944 568 defendis:
970 513 1057 589 ergo
1076 493 1212 571 &Saul
1265 487 1291 504 ''

151 593 192 670 in
212 595 316 668 alium
340 595 456 668 virum
480 593 702 680 conversus,
736 593 779 665 de
796 613 952 684 corpore
972 591 1035 665 suo
1054 595 1209 670 excellit.
1279 653 1291 684 ,

152 689 203 770 Et
217 689 289 784 ipse
303 691 472 783 Satanas,
500 713 579 768 cum
594 696 630 767 in
646 693 806 788 angelum
820 691 910 767 lucis
922 690 1207 787 transfiguratur,

153 793 361 882 qualitatem
380 791 472 868 stram
496 792 656 868 amittit?
690 811 766 866 non
782 789 924 884 opinor.
974 791 1028 866 lta
1045 793 1079 864 u
1095 793 1133 866 in
1152 815 1209 866 re·

151 889 376 966 surredionis
392 906 563 964 eventum
579 891 728 983 mutari,
756 893 945 987 converti,
965 889 1153 966 reformati
1168 894 1211 966 li·
1285 921 1291 936 ·

153 991 270 1084 cebit,
296 1012 376 1066 cum
392 989 501 1064 salute
516 989 722 1070 substantiae.
1169 1028 1175 1042 ·
1280 994 1288 1011 “

158 1078 169 1103 ”
205 1093 263 1180 5⁶·
283 1087 425 1164 Etenim
440 1089 763 1182 quamabsurdum,
782 1112 885 1184 quam
900 1106 991 1166 vero
1009 1089 1208 1182 ethnicum,
1288 1113 1291 1124 ·

74 1224 80 1244 ν
151 1201 343 1280 utrumque
362 1203 479 1264 autem
493 1189 694 1282 quame
711 1191 914 1284 indignum,
940 1192 1038 1262 aliam
1053 1185 1209 1262 srrbstan·

75 1284 106 1344 ἰ
152 1291 237 1364 tiam
252 1291 416 1381 operari,
443 1291 543 1363 aliam
565 1289 731 1364 mercede
754 1287 932 1386 dispungi:
967 1305 1012 1360 ut*
1031 1291 1105 1362 haec
1131 1290 1212 1380 qui.
1277 1304 1282 1313 '

151 1389 233 1465 dem
248 1409 333 1462 cato
349 1407 413 1481 per
425 1389 593 1481 martyria
606 1389 778 1482 lanietur,
799 1392 864 1464 alia
879 1409 970 1464 vero
982 1392 1206 1478 'coronatum
1283 1417 1291 1444 ι

131 1490 239 1593 ,item
260 1511 280 1562 e
300 1489 484 1561 contrario
504 1491 579 1562 hac
598 1487 739 1580 quidem
756 1492 897 1564 carorin
912 1487 1216 1581 spurcinievolu„

150 1601 269 1675 tetur,
288 1590 354 1660 alia
367 1606 457 1659 vero
470 1587 665 1664 damnetur.
699 1585 1207 1686 Nonuepraeliatomnemse·

150 1688 222 1762 mel
246 1684 353 1760 fidem
379 1689 480 1782 alpe
506 1685 770 1762 restrrrettionis
794 1689 992 1778 abducere,
1011 1707 1130 1778 .quam
1160 1687 1206 1760 de

150 1788 329 1882 gravitate
346 1799 452 1878 atque
466 1787 596 1878 iustitia
612 1785 684 1860 Dei
704 1785 856 1862 luderel
890 1785 1117 1860 Marcionem
1134 1805 1206 1878 pro

148 1885 349 1962 Valentino
365 1883 583 1960 resuscitari?
609 1887 752 1978 quando
766 1907 884 1978 neque
895 1901 1069 1978 mentem,
1084 1905 1205 1978 neque

148 1987 387 2077 memoriam,
424 2009 540 2079 neque
571 1985 824 2060 conscientiam
854 1985 1007 2060 bominis
1038 1983 1207 2060 hodierni
1289 2017 1291 2024 >

150 2083 320 2158 credibile
339 2085 381 2157 stt
398 2086 558 2179 aboleri,
592 2105 658 2180 per
676 2085 930 2160 indumentum
944 2083 1030 2158 illud
1048 2099 1210 2160 mutato·

147 2183 239 2260 rium
260 2185 532 2258 immortalitatis
555 2185 883 2280 &incorruptelae,
917 2198 1093 2259 vacaturo
1116 2183 1205 2258 seili-

146 2293 210 2356 cet
222 2287 467 2361 emolumento
480 2283 641 2370 &nutu
653 2281 915 2358 resurrectionis
934 2282 1074 2358 &statu
1089 2283 1206 2358 divini
1289 2333 1290 2336 κ

145 2381 490 2476 utrobiquejudicii.
547 2381 679 2456 Sinon
699 2383 945 2476 meminerim,
978 2405 1035 2458 me
1053 2380 1123 2454 eise
1142 2383 1204 2476 qui
1268 2374 1287 2472 ’,

143 2482 281 2566 merui,
306 2485 493 2576 quomodo
513 2485 661 2582 gloriam
678 2483 763 2556 Deo
781 2481 921 2560 dicanti
946 2483 1131 2574 quomodo
1146 2503 1205 2556 ca·

145 2601 228 2656 nam
249 2582 299 2654 illi
322 2603 462 2658 novum
485 2585 684 2674 canticum,
711 2581 868 2656 nesciens
888 2604 945 2656 me
963 2579 1032 2654 else
1050 2581 1109 2672 qui
1126 2601 1207 2676 gra.-

145 2681 231 2754 tiam
247 2680 420 2756 debeam?
447 2681 520 2756 Cur
536 2697 653 2756 autem
672 2679 779 2755 solius
796 2683 909 2756 carnis
924 2679 1119 2754 demutatio
1139 2701 1205 2754 et·
1261 2702 1267 2717 ·

144 2781 296 2872 cipitur,
322 2803 397 2854 non
421 2781 454 2854 u
478 2784 599 2857 anima
619 2781 743 2872 imni,
771 2801 847 2873 qua
865 2783 902 2854 in
925 2782 1089 2854 omnibus
1111 2802 1203 2874 prae·

143 2877 216 2954 fuit
239 2880 361 2954 carnii
395 2884 498 2973 quale
519 2881 591 2975 est,
619 2895 661 2954 ut
681 2881 802 2954 eadem
818 2882 952 2972 anima,
980 2901 1057 2972 quae
1075 2881 1111 2954 in
1130 2881 1204 2958 bac

10 3021 13 3028 Δ
144 2996 254 3052 earne
276 2993 394 3054 totum
419 2985 502 3056 vitae
528 2984 690 3056 ordinem
710 2980 938 3072 decucurrit,
973 2999 1050 3072 que
1075 2981 1111 3052 in
1130 2979 1206 3054 hac

97 3133 101 3149 .
144 3097 253 3151 carne
271 3077 389 3152 Deum
406 3082 549 3176 didicit,
576 3079 799 3154 &Christum
820 3079 957 3173 induit,
985 3077 1134 3170 &spem
1150 3077 1202 3152 sa·
1282 3091 1287 3184 l

142 3177 228 3250 lutis
249 3176 456 3254 seminavit:
490 3185 525 3254 in
551 3181 616 3254 alia
640 3180 854 3272 nescioquo
881 3193 991 3254 metat
1014 3177 1201 3252 studium?
1263 3243 1270 3261 .

142 3271 213 3350 Nae
235 3278 294 3350 illa
315 3281 548 3374 gratiosrffima
569 3297 677 3371 cero,
714 3279 769 3352 eni
787 3281 894 3376 gratis
915 3281 991 3352 vita
1007 3275 1200 3362 constabit.

142 3375 258 3468 Quod
273 3377 298 3450 sr
316 3399 391 3452 nou
413 3375 578 3453 &anima
596 3381 816 3472 mutabitur,
839 3379 910 3471 jam
926 3399 994 3452 nec
1008 3379 1129 3452 animae
1143 3398 1201 3451 re·
1253 3410 1260 3423 ·

22 3547 29 3560 ,
141 3471 311 3548 surrectio
330 3477 399 3551 est:
424 3499 491 3552 nec
513 3478 584 3574 ipsa
607 3480 702 3554 enim
717 3477 938 3554 resurrexisse
957 3479 1147 3572 credetur,
1172 3475 1202 3555 l'r

139 3587 217 3654 non
234 3576 301 3650 alia
317 3576 558 3655 resurrexerit
630 3641 640 3674 ,

79 3757 81 3762 ,
215 3695 274 3766 57.
308 3675 402 3750 Hinc
422 3677 492 3768 jam
517 3679 576 3752 illa
597 3677 752 3774 viligans
778 3677 1034 3754 incredulitatis
1060 3674 1203 3772 argutia
1270 3738 1280 3759 ,

139 3769 208 3844 est:
240 3772 285 3864 fi,
316 3775 500 3867 inquiunt,
528 3773 598 3870 ipsa
616 3777 808 3867 eademque
832 3773 1020 3864 substando
1044 3795 1226 3857 revoca„
1259 3768 1268 3779 '

138 3871 513 3972 earcumsuasornu,
537 3879 652 3972 linea,
678 3875 864 3972 qualitate:
889 3895 977 3976 ergo
996 3873 1032 3952 dt
1047 3873 1201 3954 cumin·

1040 3975 1143 4080 signi·
