2634 4336
138 201 142 222 ¹
175 197 251 292 416
324 147 374 297 Q
399 189 537 270 Sera.
561 187 705 270 Fron.
730 187 1098 271 'retroactam
1166 163 1175 182 ⁸

176 347 390 434 invitatoria
423 350 665 450 operatione,
700 355 762 428 sed
793 355 1055 452 expugnatoria
1084 353 1246 434 domina·

134 462 138 475 '
177 459 282 533 tione
304 453 492 530 trascamue
518 454 775 530 multiformem
798 459 893 528 luem
915 457 1047 531 mentis
1068 459 1244 552 humanae,

177 557 294 633 totius
309 557 442 630 erroris
468 552 662 648 artificem,
689 554 807 628 salutis
822 557 956 648 pariter
971 557 1166 648 animaeque
1182 579 1246 632 va·

178 657 359 750 statriqem
381 653 561 729 scientiam
578 651 730 752 Mugiae,
756 653 916 728 secunda
936 655 1071 730 scilicet
1092 657 1245 730 idolola-

178 757 278 850 triae,
308 757 348 828 in
371 775 443 848 qua
462 752 499 828 se
523 753 703 830 demones
728 755 875 848 perinde
898 771 1066 830 mortuos
1089 753 1243 851 lingunt,

181 855 480 951 quemadmodum
502 853 539 926 in
563 853 623 926 illa
645 855 772 948 Deos,
809 853 893 946 quid
914 853 978 928 nii
1014 875 1094 929 cum
1122 863 1157 930 dc
1182 856 1245 930 Dii

85 968 92 976 “
179 955 328 1034 mortui.
378 953 502 1046 ltaque
525 955 743 1027 invocantur
767 953 908 1051 quidem
929 955 1006 1029 aori
1024 955 1059 1026 u
1074 955 1246 1030 biaeotha-

111 1121 114 1151 ,
180 1058 256 1132 nati
269 1053 330 1130 sub
348 1055 412 1128 illo
426 1049 511 1126 lidei
529 1068 755 1149 argumento,
775 1052 873 1145 quod
891 1055 1060 1128 credibile
1081 1055 1245 1130 videatur

180 1175 242 1231 eas
256 1153 469 1250 potillimum
484 1153 615 1226 animae
632 1155 675 1226 ad
689 1155 762 1226 virn
778 1153 812 1225 u
828 1154 988 1244 injuriam
1002 1153 1141 1248 facere,
1157 1145 1246 1247 qui

177 1272 248 1352 per
267 1256 341 1330 vim
358 1253 392 1327 δι
407 1254 569 1346 injuriam
587 1249 699 1335 saevue
714 1254 749 1325 dt
763 1251 1063 1328 immaturusfiuis
1079 1255 1245 1347 extorsit,

182 1355 277 1450 quasr
298 1353 342 1430 ad
356 1354 477 1428 vicem
496 1349 659 1428 offense:
688 1351 746 1426 sed
765 1351 945 1429 daemones
968 1365 1164 1448 operantur
1181 1352 1246 1428 sub

182 1458 341 1532 obtentu
361 1463 500 1528 eartunz
531 1451 566 1526 u
586 1453 622 1528 hi
647 1455 710 1526 vel
727 1453 902 1545 maxime,
930 1453 991 1546 qui
1007 1453 1043 1526 in
1058 1454 1136 1546 ipsrs
1157 1465 1248 1531 tunc

181 1557 333 1634 fuerunt
359 1573 442 1628 cum
468 1553 706 1645 adviverent,
733 1553 864 1647 quique
885 1552 1019 1630 illasio
1040 1553 1249 1644 hujusmodi

182 1654 407 1752 impegerant
422 1653 550 1728 exitus.
601 1651 641 1726 N
643 1673 697 1726 arn
713 1651 979 1748 &suggesimus
992 1655 1128 1746 nullum
1142 1671 1250 1746 paene

181 1756 367 1830 hominem
383 1773 506 1828 carere
523 1753 720 1830 demonio:
747 1751 780 1824 dr
797 1755 956 1846 pluribus
971 1768 1100 1826 notum
1114 1753 1168 1826 est
1180 1754 1249 1826 da·

182 1858 391 1932 moniorum
411 1873 557 1948 quoque
575 1873 686 1946 opera
706 1853 739 1950 dp
761 1853 964 1926 immaturae
982 1851 1017 1924 dc
1036 1866 1181 1926 atroces
1198 1849 1249 1926 ef·

184 1954 246 2030 fici
272 1967 434 2045 mortes,
469 1973 554 2046 quas
572 1953 766 2026 incursibus
786 1953 971 2046 deputant.
1030 1952 1136 2026 Hanc
1159 1971 1248 2044 quo·

184 2075 257 2148 que
271 2053 468 2146 fallaciam,
488 2052 628 2150 spiritus
645 2071 797 2144 nequam
811 2053 873 2125 sub
890 2047 1049 2148 personis
1061 2051 1251 2126 desuntio-

114 2213 120 2234 ,
173 2173 265 2230 ¹rum
280 2149 542 2246 delitescentis,
570 2151 633 2226 nili
647 2153 774 2245 fallor,
795 2153 1019 2226 etiamrebus
1035 2151 1250 2246 probamur,

182 2275 295 2346 quum
316 2253 354 2326 in
377 2251 582 2328 exorcismis
600 2254 778 2327 interdun
798 2255 949 2344 aliquem
970 2245 1004 2324 sc
1025 2273 1070 2326 ex
1094 2253 1252 2346 parenti·

184 2357 254 2430 bus
275 2353 460 2428 hominem
481 2351 531 2426 sui
551 2349 719 2446 affirmat,
744 2352 780 2425 in
840 2351 922 2425 dum
939 2349 1173 2446 gladiatorem
1189 2347 1267 2425 vel·

183 2451 408 2548 bestiarium,
433 2452 523 2526 sicut
547 2453 581 2527 dc
605 2453 686 2526 alibi
703 2451 787 2525 Deu
833 2505 846 2544 ,
872 2449 960 2524 nihil
978 2453 1087 2548 magis
1106 2469 1251 2543 curans,

185 2573 293 2647 quarn
312 2554 392 2628 hoc·
404 2551 514 2646 ipsum
534 2553 725 2626 excludere
743 2551 841 2643 quod
860 2549 1110 2644 predicemus,
1137 2568 1186 2624 ne
1200 2549 1254 2624 fa·

186 2655 255 2727 cile
272 2649 457 2728 credamus
480 2653 610 2726 animas
631 2647 814 2724 universas
832 2649 1028 2744 adinsems
1046 2647 1182 2748 redigi,
1210 2663 1255 2722 ut

185 2748 223 2826 dt
237 2753 382 2846 judicii,
405 2745 718 2824 &resurrectionis
730 2743 839 2824 fidem
854 2750 1013 2824 turbent.
1064 2745 1114 2822 Et
1129 2765 1256 2824 tamen

186 2853 247 2928 ille
261 2852 402 2929 daemon
417 2849 604 2946 postquam
619 2849 884 2924 circumstantes
898 2849 1160 2924 circumvenire
1173 2863 1256 2922 ten·

50 2953 54 2962 '
186 2953 302 3047 tavit,
326 2949 493 3024 instantia
506 2951 636 3023 divina
648 2951 768 3048 gratia
780 2947 917 3042 vitius,
944 2946 1255 3042 ldquod'invero

185 3052 240 3128 est
258 3053 395 3126 invitus
418 3047 626 3125 confitetur.
678 3049 737 3124 Src
758 3049 792 3121 u
811 3069 849 3122 rn
871 3051 931 3122 rlla
949 3051 1015 3122 alra
1037 3047 1156 3143 specie
1172 3047 1257 3122 Ma·

187 3153 277 3250 gie,
303 3171 382 3246 quae
400 3152 472 3244 jam
491 3149 711 3244 quiescentes
731 3151 862 3222 animas
884 3147 1043 3222 evellere
1062 3151 1106 3222 ab
1126 3147 1256 3222 inseris

188 3253 374 3344 creditur,
402 3249 436 3327 u
462 3245 668 3344 conspectur
688 3246 879 3338 exhibere,
911 3269 988 3322 non
1014 3249 1081 3323 alia
1103 3245 1257 3322 fallacia

186 3354 246 3424 vis
266 3351 318 3426 est
339 3351 535 3444 operatior.
585 3347 717 3443 Plane,
744 3351 826 3442 quia
842 3347 1096 3442 &phantasma
1114 3345 1258 3440 praesta·

117 3523 120 3532 ,
187 3461 270 3544 tur,
297 3450 379 3544 quia
400 3448 434 3522 dr
456 3465 588 3544 corpus
613 3445 822 3544 adfingitur:
854 3467 923 3525 nec
941 3465 1108 3545 magnum
1125 3448 1177 3522 illi
1193 3467 1258 3520 ex·
1287 3445 1289 3450 ’

186 3553 342 3626 teriorea
364 3549 493 3624 oculos
511 3546 825 3640 circumscribere,
850 3549 908 3622 cui
925 3547 1135 3622 interiorem
1156 3567 1260 3620 meu·

188 3651 235 3724 tis
261 3652 373 3724 aciem
392 3665 574 3724 excaecare
592 3648 762 3742 perfacile
784 3645 846 3722 eli.
906 3645 1074 3742 Corpora
1098 3647 1259 3738 denique

187 3749 406 3823 videbantur
423 3747 602 3821 Pharaoni
624 3747 659 3820 dt
680 3747 872 3844 Aegyptiis
891 3747 1115 3842 Megicarum
1138 3747 1260 3841 virgae

37 3927 51 3934 ..
186 3865 269 3932 rum
291 3848 486 3928 mecona:
511 3845 716 3943 Seditque
736 3847 871 3926 veritae
892 3847 1118 3926 menducium
1139 3846 1263 3919 devo·

1009 3955 1012 3970 ·
1094 3943 1205 4020 ravit.
