2596 4336
136 223 200 284 or
222 193 733 280 Pans'car'irioviaus
758 193 1002 282 nnar'ric.
1052 195 1135 301 459

2 386 9 443 l
64 379 150 448 curn
177 369 227 440 ob
248 365 321 442 hoc
341 365 383 440 sit
404 363 651 462 castigandus,
684 381 835 462 propter
863 367 960 459 quod
981 385 1058 440 non
1084 365 1136 442 fit·

2 469 8 544 ι’
65 491 150 544 oum
170 469 234 540 illo
255 463 511 562 disputandum.
564 465 706 542 Deinde
725 469 894 560 quoniam
910 469 996 540 nihil
1015 465 1136 562 proh·

2 587 7 645 i
65 571 141 646 ciat
168 565 367 662 congielsio
392 565 667 662 scripturarum,
694 567 757 642 nisi
780 569 884 660 plane
905 583 947 640 ut
972 581 1033 641 aut
1055 565 1130 640 sto·
1267 573 1275 584 '

2 690 6 743 i
64 667 184 747 machi
204 667 280 759 quis
296 666 394 739 ineat
407 663 651 758 eversionem,
678 681 739 740 aut
760 669 907 742 cerebri.

2 802 5 840 i
147 787 202 861 17.
235 763 304 840 lsta
323 763 459 840 haeresia
483 785 559 838 non
581 768 711 860 recipit
732 767 898 860 quaedam
921 763 1136 859 scriptumst·

3 915 4 930 i
67 867 133 944 etii
153 885 239 962 quas
260 866 415 959 recipit,
445 865 701 958 adjectionibus
724 865 759 939 u
783 859 1061 942 detractionibus
1084 864 1130 942 ad

1 1014 5 1032 ·
67 965 336 1065 dispositionem
357 965 506 1038 instituti
529 965 577 1038 sui
599 967 816 1040 intervertit.
868 962 916 1036 Et
939 967 961 1040 si
984 967 1129 1061 recipit,

67 1089 148 1146 non
167 1065 296 1158 recipit
313 1066 478 1161 integras.
529 1063 614 1139 Etsi
634 1067 854 1158 aliquatenus
870 1067 1023 1159 integris
1043 1087 1130 1157 pro-

66 1168 160 1263 stat,
193 1166 423 1240 nihilominus
446 1161 604 1238 diversas
624 1165 867 1260 expolitiones
890 1178 1152 1242 commentata·
1262 1215 1264 1220 -

1 1305 4 1344 l
69 1267 271 1344 convertit.
320 1263 481 1340 Tantum
495 1267 638 1339 veritati
656 1264 831 1358 obstrepit
845 1266 984 1338 adulter
1000 1263 1131 1358 sensus,

13 1366 17 1380 '
69 1380 245 1462 quantum
274 1365 307 1438 di
334 1374 530 1458 corruptor
545 1363 673 1450 ·stiliia;
705 1367 815 1438 variae
839 1364 1131 1458 presumptiones

69 1465 269 1544 necessario
292 1467 425 1538 volunt
446 1463 637 1564 agnoscere
660 1487 724 1556 ea,
760 1487 825 1558 per
848 1485 924 1557 que
942 1467 1143 1540 revincun·'

70 1579 146 1642 tur.
197 1565 261 1640 llis
278 1565 469 1658 nituntur,
496 1583 573 1656 quae
593 1587 638 1638 eir
659 1563 747 1638 salso
768 1563 1133 1660 composueriint,&
1239 1613 1244 1624 ·

1 1725 2 1730 a
72 1687 153 1761 quar
179 1663 224 1738 de
249 1666 477 1760 ambiguitate
506 1677 702 1757 coeperunt.
767 1665 865 1762 Quid
895 1665 1146 1756 promovebis'
1217 1731 1219 1745 .

72 1761 357 1842 exercitatissime
374 1763 646 1856 scripturarum?
673 1785 754 1838 eum
770 1764 795 1837 si
815 1765 899 1856 quid
919 1763 1134 1857 defenderis,

71 1879 228 1963 negetur
249 1885 294 1937 eir
312 1862 466 1938 diverso.
516 1863 552 1934 Si
573 1861 656 1955 quid
672 1865 884 1959 negaveris,
909 1863 1137 1956 defendatur.⁸

1 2041 2 2048 Ν
71 1965 127 2042 Et
149 1982 189 2039 tu
213 1963 354 2057 quidem
381 1963 467 2038 nihil
492 1962 650 2058 perdes,
683 1963 745 2038 nisi
767 1983 901 2038 vocem
923 1963 960 2036 iii
983 1961 1135 2038 conten·

72 2066 189 2142 tione.
240 2061 341 2138 Nihil
360 2061 608 2158 consequeris,
634 2063 697 2138 nifi
717 2063 826 2137 vilem
849 2061 894 2137 de
920 2061 1144 2158 blasphema·

1 2207 3 2234 i
73 2168 179 2242 tione
193 2161 344 2240 laudem.
1143 2179 1148 2187 '

1 2317 2 2348 ,
157 2273 211 2345 18.
236 2263 301 2338 llle
318 2283 431 2356 vero,
457 2259 561 2355 liquit
575 2257 649 2355 est,
676 2265 775 2357 cujus
791 2261 956 2337 caussain
972 2259 1149 2360 congres-

74 2364 153 2444 sum
167 2361 347 2439 descendis
360 2361 632 2456 scripturarum,
654 2376 697 2435 iit
713 2383 794 2438 eum
811 2363 1031 2438 dubitantem
1047 2383 1138 2436 eon·

1 2541 2 2550 Ν
73 2463 223 2558 firmes,
250 2463 294 2538 ad
314 2463 504 2538 veritatem
521 2483 563 2536 aii
583 2464 692 2559 magia
712 2461 756 2535 ad
775 2459 921 2536 hereses
937 2461 1138 2558 deverget?

1 2583 2 2650 ζ
74 2567 166 2645 Hoc
188 2563 265 2658 ipso
290 2577 436 2656 motus,
473 2561 573 2655 quod
599 2575 638 2637 te
661 2563 785 2636 videat
805 2563 893 2636 nihil
917 2559 1139 2658 promovisse

1 2699 3 2708 >
75 2687 183 2761 aequo
209 2663 339 2762 gradu,
372 2661 523 2758 negandi
550 2663 584 2738 &
611 2661 845 2756 defendendi,
878 2659 1017 2736 diversa
1036 2671 1150 2756 parte·

1 2817 3 2852 .
75 2765 268 2843 statutum:
299 2778 400 2840 certa
418 2765 454 2836 dt
477 2763 553 2859 pari
577 2765 813 2839 altercatione
833 2763 1009 2837 incertior
1031 2759 1139 2838 disce·

77 2867 166 2960 det,
190 2861 350 2938 nesciens
369 2883 473 2958 quam
494 2863 638 2936 heresin
656 2863 804 2957 judicet.
855 2861 944 2936 Hac
961 2863 1086 2954 utique
1104 2863 1140 2934 dt

1 3021 3 3038 .
76 2964 143 3060 ipsi
164 2963 299 3039 habent
320 2959 358 3035 in
379 2983 450 3036 nos
470 2975 695 3054 retorquere.
747 2959 901 3036 Necesse
923 2962 973 3034 est
994 2964 1088 3036 enim
1105 2959 1151 3034 dt·

1 3122 3 3140 .
75 3067 163 3140 illos
189 3064 332 3154 dicere,
365 3063 510 3136 anobis
534 3063 656 3155 potius
680 3061 851 3134 adulteria
876 3057 1139 3155 scripturarum,

1 3207 3 3254 l
79 3161 396 3260 &expositionum
409 3181 535 3236 eornm
548 3161 733 3237 mendacia
742 3143 887 3255 inserti,
913 3161 973 3254 qui
987 3159 1154 3254 proinde*
1205 3187 1208 3198 ¹

1 3311 2 3316 Ν
77 3263 145 3346 filii
165 3261 358 3338 defendant
374 3263 576 3340 veritatem.
1149 3280 1156 3306 .

161 3385 217 3462 19.
232 3359 283 3435 Er
308 3383 333 3436 o
349 3365 425 3438 noli
439 3361 482 3435 ad
492 3360 680 3458 scripturas
689 3359 968 3456 provocandum
980 3355 1050 3432 est:
1071 3377 1154 3434 nac·

76 3465 118 3544 in
136 3463 190 3540 liis
203 3385 495 3538 confirmemini
508 3477 711 3552 certamen,
737 3461 863 3554 quihus
883 3473 944 3532 aiii
959 3457 1058 3532 nulla
1081 3452 1154 3536 aut'
1296 3467 1297 3470 ‘

76 3567 220 3640 incerta
237 3561 391 3636 vidioria
406 3560 477 3652 est,
503 3573 564 3633 aut
579 3579 701 3652 parum
717 3575 825 3636 certa.
875 3558 970 3634 Nam
988 3557 1050 3634 etii
1065 3574 1155 3636 non'

78 3667 132 3740 ita
151 3660 323 3736 evaderet
341 3661 504 3738 conlatio
518 3657 786 3753 scripturarum,
812 3671 853 3732 iit
864 3675 1052 3752 utramque
1064 3679 1143 3752 par·
1296 3719 1297 3722 a

80 3777 157 3840 tem
183 3779 305 3859 parem
328 3759 479 3836 sisteret:
518 3760 612 3832 ordo
632 3774 750 3833 rerum
773 3759 1015 3852 desiderabat,
1055 3757 1158 3832 illuti'

80 3865 180 3966 priua
205 3863 391 3962 proponi,
412 3859 524 3962 quod
541 3880 639 3940 nunc
662 3857 779 3940 solum
801 3829 1151 4060 disponadoiguiella'
