<?xml version="1.0" encoding="UTF-8"?>
<!DOCTYPE html PUBLIC "-//W3C//DTD XHTML 1.0 Transitional//EN"
    "http://www.w3.org/TR/xhtml1/DTD/xhtml1-transitional.dtd">
<html xmlns="http://www.w3.org/1999/xhtml" xml:lang="en" lang="en">
 <head>
  <title>
</title>
<meta http-equiv="Content-Type" content="text/html;charset=utf-8" />
  <meta name='ocr-system' content='tesseract 3.04.00' />
  <meta name='ocr-capabilities' content='ocr_page ocr_carea ocr_par ocr_line ocrx_word'/>
</head>
<body>
  <div class='ocr_page' id='page_1' title='image "./operaomnia00tertgoog_0425.png"; bbox 0 0 2634 4336; ppageno 0'>
   <div class='ocr_carea' id='block_1_1' title="bbox 456 141 1299 302">
    <p class='ocr_par' dir='ltr' id='par_1_1' title="bbox 456 141 1299 302">
     <span class='ocr_line' id='line_1_1' title="bbox 456 141 1299 302; baseline -0.006 -29"><span class='ocrx_word' id='word_1_1' title='bbox 456 141 827 274; x_wconf 79' lang='grc' dir='ltr'>ιιιΑιιιιιιι.</span> <span class='ocrx_word' id='word_1_2' title='bbox 951 165 1180 302; x_wconf 35' lang='lat' dir='ltr'>&#39;sm</span> <span class='ocrx_word' id='word_1_3' title='bbox 1284 255 1299 284; x_wconf 84' lang='lat'>‚</span> 
     </span>
    </p>
   </div>
   <div class='ocr_carea' id='block_1_2' title="bbox 4 352 1307 3352">
    <p class='ocr_par' dir='ltr' id='par_1_2' title="bbox 4 352 1307 3352">
     <span class='ocr_line' id='line_1_2' title="bbox 4 352 1177 474; baseline -0.004 -39"><span class='ocrx_word' id='word_1_4' title='bbox 4 354 10 440; x_wconf 77' lang='grc' dir='ltr'>ι’</span> <span class='ocrx_word' id='word_1_5' title='bbox 105 353 217 435; x_wconf 70' lang='lat' dir='ltr'>ntus.</span> <span class='ocrx_word' id='word_1_6' title='bbox 276 353 338 430; x_wconf 85' lang='lat' dir='ltr'>Ad</span> <span class='ocrx_word' id='word_1_7' title='bbox 362 355 438 432; x_wconf 85' lang='lat' dir='ltr'>lroc</span> <span class='ocrx_word' id='word_1_8' title='bbox 458 358 553 434; x_wconf 81' lang='lat' dir='ltr'>enim</span> <span class='ocrx_word' id='word_1_9' title='bbox 579 357 756 474; x_wconf 82' lang='lat' dir='ltr'>&amp;Plato,</span> <span class='ocrx_word' id='word_1_10' title='bbox 781 355 869 450; x_wconf 79' lang='lat' dir='ltr'>etsi,</span> <span class='ocrx_word' id='word_1_11' title='bbox 896 373 982 449; x_wconf 78' lang='lat' dir='ltr'>quas</span> <span class='ocrx_word' id='word_1_12' title='bbox 1001 352 1084 426; x_wconf 89' lang='lat' dir='ltr'>vult</span> <span class='ocrx_word' id='word_1_13' title='bbox 1101 355 1177 430; x_wconf 89' lang='lat' dir='ltr'>ani</span> 
     </span>
     <span class='ocr_line' id='line_1_3' title="bbox 4 454 1175 560; baseline -0.003 -28"><span class='ocrx_word' id='word_1_14' title='bbox 4 501 9 560; x_wconf 74' lang='lat' dir='ltr'>l</span> <span class='ocrx_word' id='word_1_15' title='bbox 102 477 179 532; x_wconf 84' lang='lat' dir='ltr'>ruas</span> <span class='ocrx_word' id='word_1_16' title='bbox 198 455 242 532; x_wconf 89' lang='lat' dir='ltr'>ad</span> <span class='ocrx_word' id='word_1_17' title='bbox 259 459 385 532; x_wconf 90' lang='lat' dir='ltr'>coelum</span> <span class='ocrx_word' id='word_1_18' title='bbox 399 455 514 532; x_wconf 88' lang='lat' dir='ltr'>statim</span> <span class='ocrx_word' id='word_1_19' title='bbox 530 458 698 552; x_wconf 87' lang='lat' dir='ltr'>expedit,</span> <span class='ocrx_word' id='word_1_20' title='bbox 724 458 762 530; x_wconf 89' lang='lat' dir='ltr'>in</span> <span class='ocrx_word' id='word_1_21' title='bbox 775 455 905 530; x_wconf 88' lang='lat' dir='ltr'>Politia</span> <span class='ocrx_word' id='word_1_22' title='bbox 920 471 1039 530; x_wconf 87' lang='lat' dir='ltr'>tamen</span> <span class='ocrx_word' id='word_1_23' title='bbox 1055 454 1175 546; x_wconf 82' lang='lat' dir='ltr'>cujus</span> 
     </span>
     <span class='ocr_line' id='line_1_4' title="bbox 4 553 1174 652; baseline -0.003 -20"><span class='ocrx_word' id='word_1_24' title='bbox 4 567 8 648; x_wconf 75' lang='lat' dir='ltr'>l</span> <span class='ocrx_word' id='word_1_25' title='bbox 104 555 186 632; x_wconf 81' lang='lat' dir='ltr'>dam</span> <span class='ocrx_word' id='word_1_26' title='bbox 206 555 372 651; x_wconf 84' lang='lat' dir='ltr'>insepulti</span> <span class='ocrx_word' id='word_1_27' title='bbox 394 557 548 630; x_wconf 81' lang='lat' dir='ltr'>cadaver</span> <span class='ocrx_word' id='word_1_28' title='bbox 571 558 750 650; x_wconf 90' lang='lat' dir='ltr'>opponit,</span> <span class='ocrx_word' id='word_1_29' title='bbox 776 559 890 652; x_wconf 87' lang='lat' dir='ltr'>longo</span> <span class='ocrx_word' id='word_1_30' title='bbox 911 568 1078 651; x_wconf 86' lang='lat' dir='ltr'>ternpore</span> <span class='ocrx_word' id='word_1_31' title='bbox 1097 553 1174 628; x_wconf 81' lang='lat' dir='ltr'>srne</span> 
     </span>
     <span class='ocr_line' id='line_1_5' title="bbox 4 649 1174 750; baseline -0.002 -20"><span class='ocrx_word' id='word_1_32' title='bbox 4 649 6 748; x_wconf 74' lang='grc' dir='ltr'>ξ</span> <span class='ocrx_word' id='word_1_33' title='bbox 101 659 176 730; x_wconf 79' lang='lat' dir='ltr'>ulla</span> <span class='ocrx_word' id='word_1_34' title='bbox 196 659 304 747; x_wconf 81' lang='lat' dir='ltr'>labe,</span> <span class='ocrx_word' id='word_1_35' title='bbox 336 675 409 750; x_wconf 81' lang='lat' dir='ltr'>prae</span> <span class='ocrx_word' id='word_1_36' title='bbox 434 657 557 732; x_wconf 79' lang='lat' dir='ltr'>mine</span> <span class='ocrx_word' id='word_1_37' title='bbox 582 654 718 730; x_wconf 88' lang='lat' dir='ltr'>scilicet</span> <span class='ocrx_word' id='word_1_38' title='bbox 740 655 1021 748; x_wconf 85' lang='lat' dir='ltr'>individuitate,</span> <span class='ocrx_word' id='word_1_39' title='bbox 1055 655 1174 730; x_wconf 76' lang='lat' dir='ltr'>servu</span> 
     </span>
     <span class='ocr_line' id='line_1_6' title="bbox 4 753 1173 868; baseline 0 -38"><span class='ocrx_word' id='word_1_40' title='bbox 4 791 5 858; x_wconf 72' lang='lat' dir='ltr'>j</span> <span class='ocrx_word' id='word_1_41' title='bbox 101 771 193 830; x_wconf 83' lang='lat' dir='ltr'>nrm.</span> <span class='ocrx_word' id='word_1_42' title='bbox 244 753 305 828; x_wconf 89' lang='lat' dir='ltr'>Ad</span> <span class='ocrx_word' id='word_1_43' title='bbox 321 755 394 830; x_wconf 91' lang='lat' dir='ltr'>hoc</span> <span class='ocrx_word' id='word_1_44' title='bbox 415 756 457 830; x_wconf 80' lang='lat' dir='ltr'>dr</span> <span class='ocrx_word' id='word_1_45' title='bbox 468 755 703 830; x_wconf 78' lang='lat' dir='ltr'>Democntus</span> <span class='ocrx_word' id='word_1_46' title='bbox 718 769 907 831; x_wconf 85' lang='lat' dir='ltr'>crementa</span> <span class='ocrx_word' id='word_1_47' title='bbox 919 755 1109 868; x_wconf 82' lang='lat' dir='ltr'>unguium,</span> <span class='ocrx_word' id='word_1_48' title='bbox 1135 753 1173 830; x_wconf 77' lang='grc' dir='ltr'>ιι</span> 
     </span>
     <span class='ocr_line' id='line_1_7' title="bbox 102 853 1172 952; baseline 0 -22"><span class='ocrx_word' id='word_1_49' title='bbox 102 875 289 932; x_wconf 87' lang='lat' dir='ltr'>comarum</span> <span class='ocrx_word' id='word_1_50' title='bbox 316 857 352 930; x_wconf 91' lang='lat' dir='ltr'>in</span> <span class='ocrx_word' id='word_1_51' title='bbox 377 853 565 950; x_wconf 83' lang='lat' dir='ltr'>sepultbris</span> <span class='ocrx_word' id='word_1_52' title='bbox 599 859 769 952; x_wconf 82' lang='lat' dir='ltr'>aliquanti</span> <span class='ocrx_word' id='word_1_53' title='bbox 803 855 978 947; x_wconf 86' lang='lat' dir='ltr'>temporis</span> <span class='ocrx_word' id='word_1_54' title='bbox 1004 855 1172 930; x_wconf 85' lang='lat' dir='ltr'>denotat.</span> 
     </span>
     <span class='ocr_line' id='line_1_8' title="bbox 99 949 1171 1052; baseline -0.004 -20"><span class='ocrx_word' id='word_1_55' title='bbox 99 951 222 1032; x_wconf 86' lang='lat' dir='ltr'>Porro</span> <span class='ocrx_word' id='word_1_56' title='bbox 237 955 272 1028; x_wconf 77' lang='lat' dir='ltr'>u</span> <span class='ocrx_word' id='word_1_57' title='bbox 287 955 378 1030; x_wconf 80' lang='lat' dir='ltr'>aeris</span> <span class='ocrx_word' id='word_1_58' title='bbox 395 957 544 1048; x_wconf 78' lang='lat' dir='ltr'><strong>qualitas</strong></span> <span class='ocrx_word' id='word_1_59' title='bbox 560 977 707 1052; x_wconf 87' lang='lat' dir='ltr'>corpon</span> <span class='ocrx_word' id='word_1_60' title='bbox 699 957 773 1030; x_wconf 92' lang='lat' dir='ltr'>illi</span> <span class='ocrx_word' id='word_1_61' title='bbox 786 957 910 1051; x_wconf 90' lang='lat' dir='ltr'>potuit</span> <span class='ocrx_word' id='word_1_62' title='bbox 921 955 1034 1034; x_wconf 86' lang='lat' dir='ltr'>tutela</span> <span class='ocrx_word' id='word_1_63' title='bbox 1047 949 1171 1044; x_wconf 68' lang='lat' dir='ltr'>fnisset</span> 
     </span>
     <span class='ocr_line' id='line_1_9' title="bbox 100 1049 1174 1150; baseline 0 -22"><span class='ocrx_word' id='word_1_64' title='bbox 100 1055 188 1148; x_wconf 82' lang='lat' dir='ltr'>quid</span> <span class='ocrx_word' id='word_1_65' title='bbox 208 1055 347 1136; x_wconf 81' lang='lat' dir='ltr'>enimsi</span> <span class='ocrx_word' id='word_1_66' title='bbox 370 1057 503 1128; x_wconf 90' lang='lat' dir='ltr'>aridior</span> <span class='ocrx_word' id='word_1_67' title='bbox 521 1077 603 1150; x_wconf 87' lang='lat' dir='ltr'>aer,</span> <span class='ocrx_word' id='word_1_68' title='bbox 630 1057 665 1129; x_wconf 77' lang='grc' dir='ltr'>ιι</span> <span class='ocrx_word' id='word_1_69' title='bbox 679 1055 791 1133; x_wconf 89' lang='lat' dir='ltr'>solum</span> <span class='ocrx_word' id='word_1_70' title='bbox 812 1049 953 1130; x_wconf 74' lang='lat' dir='ltr'>salsius?</span> <span class='ocrx_word' id='word_1_71' title='bbox 985 1053 1070 1148; x_wconf 90' lang='lat' dir='ltr'>quid</span> <span class='ocrx_word' id='word_1_72' title='bbox 1090 1053 1114 1128; x_wconf 82' lang='grc' dir='ltr'>ιι</span> <span class='ocrx_word' id='word_1_73' title='bbox 1135 1051 1174 1128; x_wconf 79' lang='grc' dir='ltr'>ιι</span> 
     </span>
     <span class='ocr_line' id='line_1_10' title="bbox 98 1151 1170 1251; baseline -0.002 -21"><span class='ocrx_word' id='word_1_74' title='bbox 98 1155 207 1250; x_wconf 80' lang='lat' dir='ltr'>ipnus</span> <span class='ocrx_word' id='word_1_75' title='bbox 225 1155 391 1251; x_wconf 89' lang='lat' dir='ltr'>corporis</span> <span class='ocrx_word' id='word_1_76' title='bbox 413 1153 603 1232; x_wconf 86' lang='lat' dir='ltr'>substantia</span> <span class='ocrx_word' id='word_1_77' title='bbox 626 1154 838 1232; x_wconf 73' lang='lat' dir='ltr'>exsuccior?</span> <span class='ocrx_word' id='word_1_78' title='bbox 865 1153 949 1248; x_wconf 90' lang='lat' dir='ltr'>quid</span> <span class='ocrx_word' id='word_1_79' title='bbox 967 1152 992 1228; x_wconf 86' lang='lat' dir='ltr'>fi</span> <span class='ocrx_word' id='word_1_80' title='bbox 1010 1151 1170 1250; x_wconf 81' lang='lat' dir='ltr'>&amp;genua</span> 
     </span>
     <span class='ocr_line' id='line_1_11' title="bbox 99 1251 1221 1372; baseline -0.005 -40"><span class='ocrx_word' id='word_1_81' title='bbox 99 1255 233 1332; x_wconf 84' lang='lat' dir='ltr'>mortis</span> <span class='ocrx_word' id='word_1_82' title='bbox 251 1271 334 1328; x_wconf 86' lang='lat' dir='ltr'>ante</span> <span class='ocrx_word' id='word_1_83' title='bbox 345 1256 417 1352; x_wconf 89' lang='lat' dir='ltr'>jam</span> <span class='ocrx_word' id='word_1_84' title='bbox 432 1258 676 1350; x_wconf 84' lang='lat' dir='ltr'>corruptrices</span> <span class='ocrx_word' id='word_1_85' title='bbox 689 1255 856 1332; x_wconf 80' lang='lat' dir='ltr'>materias</span> <span class='ocrx_word' id='word_1_86' title='bbox 872 1251 1065 1372; x_wconf 73' lang='lat' dir='ltr'>erogarat?</span> <span class='ocrx_word' id='word_1_87' title='bbox 1092 1251 1172 1327; x_wconf 91' lang='lat' dir='ltr'>Un</span> <span class='ocrx_word' id='word_1_88' title='bbox 1181 1311 1183 1316; x_wconf 91' lang='lat'><em>.</em></span> <span class='ocrx_word' id='word_1_89' title='bbox 1216 1319 1221 1326; x_wconf 89' lang='lat'>.</span> 
     </span>
     <span class='ocr_line' id='line_1_12' title="bbox 99 1339 1171 1468; baseline -0.004 -41"><span class='ocrx_word' id='word_1_90' title='bbox 99 1375 191 1452; x_wconf 78' lang='lat' dir='ltr'>goes</span> <span class='ocrx_word' id='word_1_91' title='bbox 227 1371 346 1430; x_wconf 88' lang='lat' dir='ltr'>autem</span> <span class='ocrx_word' id='word_1_92' title='bbox 382 1375 464 1430; x_wconf 87' lang='lat' dir='ltr'>cum</span> <span class='ocrx_word' id='word_1_93' title='bbox 499 1357 647 1430; x_wconf 80' lang='lat' dir='ltr'>exordia</span> <span class='ocrx_word' id='word_1_94' title='bbox 673 1373 873 1430; x_wconf 84' lang='grc' dir='ltr'>ιιιινοιιιιιι</span> <span class='ocrx_word' id='word_1_95' title='bbox 904 1354 1014 1446; x_wconf 87' lang='lat' dir='ltr'>smt,</span> <span class='ocrx_word' id='word_1_96' title='bbox 1037 1339 1171 1468; x_wconf 35' lang='lat' dir='ltr'>mer·-</span> 
     </span>
     <span class='ocr_line' id='line_1_13' title="bbox 98 1445 1172 1550; baseline -0.002 -22"><span class='ocrx_word' id='word_1_97' title='bbox 98 1455 228 1528; x_wconf 86' lang='lat' dir='ltr'>nervis</span> <span class='ocrx_word' id='word_1_98' title='bbox 249 1445 472 1528; x_wconf 84' lang='lat' dir='ltr'>resolutione</span> <span class='ocrx_word' id='word_1_99' title='bbox 495 1455 668 1550; x_wconf 73' lang='lat' dir='ltr'>ponediis</span> <span class='ocrx_word' id='word_1_100' title='bbox 693 1453 968 1549; x_wconf 70' lang='lat' dir='ltr'>provestiores,</span> <span class='ocrx_word' id='word_1_101' title='bbox 996 1451 1172 1543; x_wconf 84' lang='lat' dir='ltr'>&amp;quoti</span> 
     </span>
     <span class='ocr_line' id='line_1_14' title="bbox 100 1551 1294 1650; baseline -0.002 -20"><span class='ocrx_word' id='word_1_102' title='bbox 100 1551 162 1630; x_wconf 86' lang='lat' dir='ltr'>die</span> <span class='ocrx_word' id='word_1_103' title='bbox 177 1551 370 1628; x_wconf 85' lang='lat' dir='ltr'>deficiente</span> <span class='ocrx_word' id='word_1_104' title='bbox 382 1575 489 1630; x_wconf 88' lang='lat' dir='ltr'>carne</span> <span class='ocrx_word' id='word_1_105' title='bbox 504 1558 635 1650; x_wconf 79' lang='lat' dir='ltr'>expelli</span> <span class='ocrx_word' id='word_1_106' title='bbox 653 1556 833 1630; x_wconf 88' lang='lat' dir='ltr'>videntur.</span> <span class='ocrx_word' id='word_1_107' title='bbox 885 1553 1009 1628; x_wconf 81' lang='lat' dir='ltr'>Come</span> <span class='ocrx_word' id='word_1_108' title='bbox 1022 1568 1171 1644; x_wconf 74' lang='lat' dir='ltr'>quoque</span> <span class='ocrx_word' id='word_1_109' title='bbox 1286 1571 1294 1585; x_wconf 72' lang='lat'><strong><em>¹</em></strong></span> 
     </span>
     <span class='ocr_line' id='line_1_15' title="bbox 98 1650 1171 1770; baseline -0.003 -42"><span class='ocrx_word' id='word_1_110' title='bbox 98 1655 270 1728; x_wconf 84' lang='lat' dir='ltr'>alimenta</span> <span class='ocrx_word' id='word_1_111' title='bbox 286 1655 341 1728; x_wconf 87' lang='lat' dir='ltr'>de</span> <span class='ocrx_word' id='word_1_112' title='bbox 346 1655 520 1749; x_wconf 87' lang='lat' dir='ltr'>cerebro,</span> <span class='ocrx_word' id='word_1_113' title='bbox 548 1655 647 1749; x_wconf 89' lang='lat' dir='ltr'>quod</span> <span class='ocrx_word' id='word_1_114' title='bbox 664 1655 866 1770; x_wconf 78' lang='lat' dir='ltr'>aliquandiu</span> <span class='ocrx_word' id='word_1_115' title='bbox 884 1653 1011 1728; x_wconf 87' lang='lat' dir='ltr'>durare</span> <span class='ocrx_word' id='word_1_116' title='bbox 1028 1650 1171 1744; x_wconf 78' lang='lat' dir='ltr'>prestat</span> 
     </span>
     <span class='ocr_line' id='line_1_16' title="bbox 98 1749 1168 1848; baseline -0.002 -20"><span class='ocrx_word' id='word_1_117' title='bbox 98 1749 240 1828; x_wconf 88' lang='lat' dir='ltr'>secreta</span> <span class='ocrx_word' id='word_1_118' title='bbox 263 1755 430 1830; x_wconf 80' lang='lat' dir='ltr'>munitio.</span> <span class='ocrx_word' id='word_1_119' title='bbox 484 1755 685 1848; x_wconf 88' lang='lat' dir='ltr'>Denique</span> <span class='ocrx_word' id='word_1_120' title='bbox 676 1777 713 1828; x_wconf 92' lang='grc' dir='ltr'>ιιι</span> <span class='ocrx_word' id='word_1_121' title='bbox 736 1754 943 1827; x_wconf 85' lang='lat' dir='ltr'>viventibus</span> <span class='ocrx_word' id='word_1_122' title='bbox 968 1755 1076 1826; x_wconf 88' lang='lat' dir='ltr'>etiarn</span> <span class='ocrx_word' id='word_1_123' title='bbox 1100 1769 1168 1844; x_wconf 88' lang='lat' dir='ltr'>pro</span> 
     </span>
     <span class='ocr_line' id='line_1_17' title="bbox 99 1849 1307 1953; baseline 0.003 -27"><span class='ocrx_word' id='word_1_124' title='bbox 99 1853 242 1934; x_wconf 77' lang='lat' dir='ltr'>cerebri</span> <span class='ocrx_word' id='word_1_125' title='bbox 268 1855 461 1948; x_wconf 86' lang='lat' dir='ltr'>ubertate,</span> <span class='ocrx_word' id='word_1_126' title='bbox 493 1858 565 1928; x_wconf 81' lang='grc' dir='ltr'>νει</span> <span class='ocrx_word' id='word_1_127' title='bbox 574 1855 688 1930; x_wconf 86' lang='lat' dir='ltr'>affluit</span> <span class='ocrx_word' id='word_1_128' title='bbox 709 1855 908 1953; x_wconf 78' lang='lat' dir='ltr'>capillago,</span> <span class='ocrx_word' id='word_1_129' title='bbox 941 1855 1002 1928; x_wconf 91' lang='lat' dir='ltr'>vel</span> <span class='ocrx_word' id='word_1_130' title='bbox 1027 1849 1172 1930; x_wconf 83' lang='lat' dir='ltr'>deserit.</span> <span class='ocrx_word' id='word_1_131' title='bbox 1302 1864 1307 1876; x_wconf 73' lang='lat'><em>⁴</em></span> 
     </span>
     <span class='ocr_line' id='line_1_18' title="bbox 96 1949 1222 2045; baseline -0.004 -17"><span class='ocrx_word' id='word_1_132' title='bbox 96 1951 224 2028; x_wconf 84' lang='lat' dir='ltr'>Habes</span> <span class='ocrx_word' id='word_1_133' title='bbox 245 1953 424 2030; x_wconf 91' lang='lat' dir='ltr'>Medicos.</span> <span class='ocrx_word' id='word_1_134' title='bbox 474 1955 544 2030; x_wconf 89' lang='lat' dir='ltr'>Sed</span> <span class='ocrx_word' id='word_1_135' title='bbox 562 1977 630 2030; x_wconf 89' lang='lat' dir='ltr'>nec</span> <span class='ocrx_word' id='word_1_136' title='bbox 644 1955 826 2031; x_wconf 82' lang='lat' dir='ltr'>modicum</span> <span class='ocrx_word' id='word_1_137' title='bbox 849 1953 934 2045; x_wconf 89' lang='lat' dir='ltr'>quid</span> <span class='ocrx_word' id='word_1_138' title='bbox 953 1973 1076 2026; x_wconf 84' lang='lat' dir='ltr'>anrmae</span> <span class='ocrx_word' id='word_1_139' title='bbox 1090 1949 1169 2024; x_wconf 89' lang='lat' dir='ltr'>sub</span> <span class='ocrx_word' id='word_1_140' title='bbox 1217 2031 1222 2042; x_wconf 53' lang='grc'><strong><em>,</em></strong></span> 
     </span>
     <span class='ocr_line' id='line_1_19' title="bbox 6 2048 1169 2172; baseline -0.005 -44"><span class='ocrx_word' id='word_1_141' title='bbox 6 2126 11 2143; x_wconf 86' lang='grc'>,</span> <span class='ocrx_word' id='word_1_142' title='bbox 96 2051 267 2128; x_wconf 84' lang='lat' dir='ltr'>fiderem</span> <span class='ocrx_word' id='word_1_143' title='bbox 279 2073 438 2148; x_wconf 84' lang='lat' dir='ltr'>corpore</span> <span class='ocrx_word' id='word_1_144' title='bbox 452 2053 516 2172; x_wconf 77' lang='lat' dir='ltr'>esi,</span> <span class='ocrx_word' id='word_1_145' title='bbox 531 2054 752 2130; x_wconf 85' lang='lat' dir='ltr'>decessurum</span> <span class='ocrx_word' id='word_1_146' title='bbox 764 2048 1169 2148; x_wconf 78' lang='lat' dir='ltr'>quandoqucdtrpsum,</span> 
     </span>
     <span class='ocr_line' id='line_1_20' title="bbox 98 2149 1170 2272; baseline -0.002 -46"><span class='ocrx_word' id='word_1_147' title='bbox 98 2173 185 2226; x_wconf 82' lang='lat' dir='ltr'>cum</span> <span class='ocrx_word' id='word_1_148' title='bbox 206 2163 322 2231; x_wconf 84' lang='lat' dir='ltr'>totam</span> <span class='ocrx_word' id='word_1_149' title='bbox 338 2155 505 2272; x_wconf 82' lang='lat' dir='ltr'>corporis</span> <span class='ocrx_word' id='word_1_150' title='bbox 526 2153 667 2232; x_wconf 86' lang='lat' dir='ltr'>scenam</span> <span class='ocrx_word' id='word_1_151' title='bbox 681 2169 822 2248; x_wconf 81' lang='lat' dir='ltr'>tempus</span> <span class='ocrx_word' id='word_1_152' title='bbox 843 2153 1057 2228; x_wconf 76' lang='lat' dir='ltr'>aboleverit.</span> <span class='ocrx_word' id='word_1_153' title='bbox 1097 2149 1170 2254; x_wconf 56' lang='lat' dir='ltr'>‚Et</span> 
     </span>
     <span class='ocr_line' id='line_1_21' title="bbox 41 2251 1170 2349; baseline -0.001 -21"><span class='ocrx_word' id='word_1_154' title='bbox 41 2282 46 2291; x_wconf 94' lang='lat'>·</span> <span class='ocrx_word' id='word_1_155' title='bbox 96 2253 176 2328; x_wconf 85' lang='lat' dir='ltr'>hoc</span> <span class='ocrx_word' id='word_1_156' title='bbox 190 2253 285 2327; x_wconf 87' lang='lat' dir='ltr'>enim</span> <span class='ocrx_word' id='word_1_157' title='bbox 301 2257 339 2328; x_wconf 89' lang='lat' dir='ltr'>in</span> <span class='ocrx_word' id='word_1_158' title='bbox 355 2255 529 2349; x_wconf 86' lang='lat' dir='ltr'>opinione</span> <span class='ocrx_word' id='word_1_159' title='bbox 547 2255 771 2348; x_wconf 84' lang='lat' dir='ltr'>quorundam</span> <span class='ocrx_word' id='word_1_160' title='bbox 788 2251 858 2328; x_wconf 75' lang='lat' dir='ltr'>esta</span> <span class='ocrx_word' id='word_1_161' title='bbox 877 2267 1078 2346; x_wconf 87' lang='lat' dir='ltr'>propterea</span> <span class='ocrx_word' id='word_1_162' title='bbox 1098 2270 1170 2328; x_wconf 83' lang='lat' dir='ltr'>net</span> 
     </span>
     <span class='ocr_line' id='line_1_22' title="bbox 57 2350 1169 2528; baseline 0.003 -103"><span class='ocrx_word' id='word_1_163' title='bbox 57 2394 64 2418; x_wconf 57' lang='grc' dir='ltr'>ι</span> <span class='ocrx_word' id='word_1_164' title='bbox 95 2352 239 2528; x_wconf 58' lang='lat' dir='ltr'>ifflbm</span> <span class='ocrx_word' id='word_1_165' title='bbox 252 2352 492 2429; x_wconf 83' lang='lat' dir='ltr'>funerandum</span> <span class='ocrx_word' id='word_1_166' title='bbox 503 2357 617 2451; x_wconf 86' lang='lat' dir='ltr'>ajunt,</span> <span class='ocrx_word' id='word_1_167' title='bbox 633 2369 822 2450; x_wconf 85' lang='lat' dir='ltr'>parcentes</span> <span class='ocrx_word' id='word_1_168' title='bbox 837 2350 1016 2448; x_wconf 89' lang='lat' dir='ltr'>superfluo</span> <span class='ocrx_word' id='word_1_169' title='bbox 1032 2353 1169 2428; x_wconf 67' lang='lat' dir='ltr'>animet</span> 
     </span>
     <span class='ocr_line' id='line_1_23' title="bbox 155 2451 1169 2550; baseline 0 -26"><span class='ocrx_word' id='word_1_170' title='bbox 155 2451 254 2526; x_wconf 87' lang='lat' dir='ltr'>&#39;aest</span> <span class='ocrx_word' id='word_1_171' title='bbox 266 2469 386 2528; x_wconf 86' lang='lat' dir='ltr'>autem</span> <span class='ocrx_word' id='word_1_172' title='bbox 399 2457 494 2528; x_wconf 84' lang='lat' dir='ltr'>ratio</span> <span class='ocrx_word' id='word_1_173' title='bbox 507 2458 649 2550; x_wconf 88' lang='lat' dir='ltr'>pietatis</span> <span class='ocrx_word' id='word_1_174' title='bbox 661 2453 772 2545; x_wconf 83' lang='lat' dir='ltr'>illius,</span> <span class='ocrx_word' id='word_1_175' title='bbox 783 2474 860 2527; x_wconf 90' lang='lat' dir='ltr'>non</span> <span class='ocrx_word' id='word_1_176' title='bbox 872 2452 1028 2544; x_wconf 85' lang='lat' dir='ltr'>reliquiis</span> <span class='ocrx_word' id='word_1_177' title='bbox 1044 2453 1169 2524; x_wconf 68' lang='lat' dir='ltr'>anima</span> 
     </span>
     <span class='ocr_line' id='line_1_24' title="bbox 96 2549 1169 2668; baseline -0.002 -40"><span class='ocrx_word' id='word_1_178' title='bbox 96 2552 304 2650; x_wconf 66' lang='lat' dir='ltr'>mouent,</span> <span class='ocrx_word' id='word_1_179' title='bbox 344 2551 406 2630; x_wconf 85' lang='lat' dir='ltr'>sed</span> <span class='ocrx_word' id='word_1_180' title='bbox 440 2555 662 2630; x_wconf 86' lang='lat' dir='ltr'>crudelitatis</span> <span class='ocrx_word' id='word_1_181' title='bbox 690 2559 798 2630; x_wconf 87' lang='lat' dir='ltr'>etiam</span> <span class='ocrx_word' id='word_1_182' title='bbox 825 2553 991 2668; x_wconf 83' lang='lat' dir='ltr'>corporis</span> <span class='ocrx_word' id='word_1_183' title='bbox 1019 2549 1169 2626; x_wconf 76' lang='lat' dir='ltr'>nomino¹</span> 
     </span>
     <span class='ocr_line' id='line_1_25' title="bbox 96 2609 1169 2750; baseline -0.004 -22"><span class='ocrx_word' id='word_1_184' title='bbox 96 2609 326 2749; x_wconf 71' lang='lat' dir='ltr'>eversatur,</span> <span class='ocrx_word' id='word_1_185' title='bbox 358 2655 511 2748; x_wconf 80' lang='lat' dir='ltr'>quod&amp;</span> <span class='ocrx_word' id='word_1_186' title='bbox 533 2653 645 2750; x_wconf 88' lang='lat' dir='ltr'>ipsum</span> <span class='ocrx_word' id='word_1_187' title='bbox 664 2656 776 2729; x_wconf 88' lang='lat' dir='ltr'>homo</span> <span class='ocrx_word' id='word_1_188' title='bbox 792 2675 869 2728; x_wconf 94' lang='lat' dir='ltr'>non</span> <span class='ocrx_word' id='word_1_189' title='bbox 889 2653 1021 2743; x_wconf 84' lang='lat' dir='ltr'>utique</span> <span class='ocrx_word' id='word_1_190' title='bbox 1031 2671 1169 2724; x_wconf 83' lang='lat' dir='ltr'>merea·</span> 
     </span>
     <span class='ocr_line' id='line_1_26' title="bbox 95 2750 1170 2852; baseline -0.005 -24"><span class='ocrx_word' id='word_1_191' title='bbox 95 2763 160 2828; x_wconf 89' lang='lat' dir='ltr'>tur</span> <span class='ocrx_word' id='word_1_192' title='bbox 174 2753 303 2848; x_wconf 87' lang='lat' dir='ltr'>poenali</span> <span class='ocrx_word' id='word_1_193' title='bbox 320 2757 422 2828; x_wconf 80' lang='lat' dir='ltr'>exitu</span> <span class='ocrx_word' id='word_1_194' title='bbox 438 2757 607 2852; x_wconf 88' lang='lat' dir='ltr'>impendi.</span> <span class='ocrx_word' id='word_1_195' title='bbox 659 2754 829 2830; x_wconf 88' lang='lat' dir='ltr'>Ceterum</span> <span class='ocrx_word' id='word_1_196' title='bbox 845 2753 961 2828; x_wconf 89' lang='lat' dir='ltr'>anima</span> <span class='ocrx_word' id='word_1_197' title='bbox 973 2750 1170 2826; x_wconf 65' lang='lat' dir='ltr'>individui«</span> 
     </span>
     <span class='ocr_line' id='line_1_27' title="bbox 95 2850 1168 2945; baseline -0.004 -17"><span class='ocrx_word' id='word_1_198' title='bbox 95 2853 141 2928; x_wconf 79' lang='lat' dir='ltr'>lia</span> <span class='ocrx_word' id='word_1_199' title='bbox 166 2867 209 2926; x_wconf 92' lang='lat' dir='ltr'>ut</span> <span class='ocrx_word' id='word_1_200' title='bbox 231 2853 442 2930; x_wconf 79' lang='lat' dir='ltr'>immortalia</span> <span class='ocrx_word' id='word_1_201' title='bbox 467 2857 574 2932; x_wconf 85' lang='lat' dir='ltr'>etiarn</span> <span class='ocrx_word' id='word_1_202' title='bbox 599 2869 756 2930; x_wconf 90' lang='lat' dir='ltr'>mortem</span> <span class='ocrx_word' id='word_1_203' title='bbox 778 2853 1026 2928; x_wconf 75' lang='lat' dir='ltr'>indivisibilem</span> <span class='ocrx_word' id='word_1_204' title='bbox 1054 2850 1168 2945; x_wconf 86' lang='lat' dir='ltr'>exigit</span> 
     </span>
     <span class='ocr_line' id='line_1_28' title="bbox 95 2948 1298 3048; baseline -0.005 -18"><span class='ocrx_word' id='word_1_205' title='bbox 95 2952 223 3030; x_wconf 80' lang='lat' dir='ltr'>credi.</span> <span class='ocrx_word' id='word_1_206' title='bbox 259 2975 338 3035; x_wconf 87' lang='lat' dir='ltr'>non</span> <span class='ocrx_word' id='word_1_207' title='bbox 365 2955 459 3048; x_wconf 79' lang='lat' dir='ltr'>qursr</span> <span class='ocrx_word' id='word_1_208' title='bbox 486 2955 708 3047; x_wconf 84' lang='lat' dir='ltr'>immortali,</span> <span class='ocrx_word' id='word_1_209' title='bbox 753 2951 813 3028; x_wconf 88' lang='lat' dir='ltr'>sed</span> <span class='ocrx_word' id='word_1_210' title='bbox 839 2952 933 3044; x_wconf 78' lang='lat' dir='ltr'>quasi</span> <span class='ocrx_word' id='word_1_211' title='bbox 960 2948 1167 3026; x_wconf 76' lang='lat' dir='ltr'>indivisibili</span> <span class='ocrx_word' id='word_1_212' title='bbox 1294 3015 1298 3024; x_wconf 90' lang='lat'>.</span> 
     </span>
     <span class='ocr_line' id='line_1_29' title="bbox 95 3051 1167 3130; baseline -0.006 0"><span class='ocrx_word' id='word_1_213' title='bbox 95 3053 222 3130; x_wconf 80' lang='lat' dir='ltr'>urimae</span> <span class='ocrx_word' id='word_1_214' title='bbox 243 3053 503 3130; x_wconf 78' lang='lat' dir='ltr'>indivisibiliter</span> <span class='ocrx_word' id='word_1_215' title='bbox 527 3055 763 3130; x_wconf 83' lang='lat' dir='ltr'>accidentem.</span> <span class='ocrx_word' id='word_1_216' title='bbox 823 3051 1021 3126; x_wconf 86' lang='lat' dir='ltr'>Dividetur</span> <span class='ocrx_word' id='word_1_217' title='bbox 1045 3065 1167 3124; x_wconf 85' lang='lat' dir='ltr'>autem</span> 
     </span>
     <span class='ocr_line' id='line_1_30' title="bbox 95 3151 1165 3274; baseline -0.011 -40"><span class='ocrx_word' id='word_1_218' title='bbox 95 3153 132 3234; x_wconf 77' lang='lat' dir='ltr'>dt</span> <span class='ocrx_word' id='word_1_219' title='bbox 151 3173 250 3228; x_wconf 89' lang='lat' dir='ltr'>mors</span> <span class='ocrx_word' id='word_1_220' title='bbox 272 3155 297 3228; x_wconf 79' lang='lat' dir='ltr'>si</span> <span class='ocrx_word' id='word_1_221' title='bbox 319 3151 354 3227; x_wconf 77' lang='lat' dir='ltr'>u</span> <span class='ocrx_word' id='word_1_222' title='bbox 378 3155 514 3274; x_wconf 79' lang='lat' dir='ltr'>anina,</span> <span class='ocrx_word' id='word_1_223' title='bbox 546 3153 728 3250; x_wconf 89' lang='lat' dir='ltr'>superfluo</span> <span class='ocrx_word' id='word_1_224' title='bbox 754 3151 890 3227; x_wconf 85' lang='lat' dir='ltr'>scilicet</span> <span class='ocrx_word' id='word_1_225' title='bbox 912 3151 1037 3226; x_wconf 75' lang='lat' dir='ltr'>anime</span> <span class='ocrx_word' id='word_1_226' title='bbox 1054 3167 1165 3241; x_wconf 84' lang='lat' dir='ltr'>quan</span> 
     </span>
     <span class='ocr_line' id='line_1_31' title="bbox 95 3251 1165 3352; baseline -0.015 -20"><span class='ocrx_word' id='word_1_227' title='bbox 95 3251 219 3347; x_wconf 85' lang='lat' dir='ltr'>doque</span> <span class='ocrx_word' id='word_1_228' title='bbox 240 3255 439 3330; x_wconf 81' lang='lat' dir='ltr'>morituro:</span> <span class='ocrx_word' id='word_1_229' title='bbox 464 3257 516 3329; x_wconf 84' lang='lat' dir='ltr'>ita</span> <span class='ocrx_word' id='word_1_230' title='bbox 534 3257 659 3352; x_wconf 89' lang='lat' dir='ltr'>portio</span> <span class='ocrx_word' id='word_1_231' title='bbox 681 3254 808 3330; x_wconf 90' lang='lat' dir='ltr'>mortis</span> <span class='ocrx_word' id='word_1_232' title='bbox 831 3275 913 3326; x_wconf 91' lang='lat' dir='ltr'>cum</span> <span class='ocrx_word' id='word_1_233' title='bbox 935 3253 1058 3324; x_wconf 78' lang='lat' dir='ltr'>anime</span> <span class='ocrx_word' id='word_1_234' title='bbox 1079 3267 1165 3342; x_wconf 70' lang='lat' dir='ltr'>pora</span> 
     </span>
    </p>
   </div>
   <div class='ocr_carea' id='block_1_3' title="bbox 33 3345 1215 4046">
    <p class='ocr_par' dir='ltr' id='par_1_3' title="bbox 33 3345 1215 4046">
     <span class='ocr_line' id='line_1_32' title="bbox 92 3345 1164 3452; baseline -0.006 -22"><span class='ocrx_word' id='word_1_235' title='bbox 92 3355 421 3430; x_wconf 83' lang='lat' dir='ltr'>tioneremanebit.</span> <span class='ocrx_word' id='word_1_236' title='bbox 472 3355 582 3430; x_wconf 88' lang='lat' dir='ltr'>Nec</span> <span class='ocrx_word' id='word_1_237' title='bbox 571 3373 704 3452; x_wconf 80' lang='lat' dir='ltr'>ignoro</span> <span class='ocrx_word' id='word_1_238' title='bbox 726 3353 870 3446; x_wconf 82' lang='lat' dir='ltr'>aliquod</span> <span class='ocrx_word' id='word_1_239' title='bbox 889 3345 960 3426; x_wconf 80' lang='lat' dir='ltr'>esse</span> <span class='ocrx_word' id='word_1_240' title='bbox 976 3348 1164 3446; x_wconf 81' lang='lat' dir='ltr'>vestigium</span> 
     </span>
     <span class='ocr_line' id='line_1_33' title="bbox 94 3451 1162 3549; baseline -0.008 -19"><span class='ocrx_word' id='word_1_241' title='bbox 94 3455 281 3549; x_wconf 82' lang='lat' dir='ltr'>optmoms</span> <span class='ocrx_word' id='word_1_242' title='bbox 295 3453 404 3531; x_wconf 85' lang='lat' dir='ltr'>ribus</span> <span class='ocrx_word' id='word_1_243' title='bbox 428 3453 602 3530; x_wconf 85' lang='lat' dir='ltr'>Demea</span> <span class='ocrx_word' id='word_1_244' title='bbox 616 3455 733 3529; x_wconf 78' lang='grc' dir='ltr'>ιιιιιοι.</span> <span class='ocrx_word' id='word_1_245' title='bbox 773 3455 858 3528; x_wconf 85' lang='lat' dir='ltr'>Scio</span> <span class='ocrx_word' id='word_1_246' title='bbox 873 3451 1041 3528; x_wconf 88' lang='lat' dir='ltr'>femmam</span> <span class='ocrx_word' id='word_1_247' title='bbox 1052 3469 1162 3542; x_wconf 89' lang='lat' dir='ltr'>quan</span> 
     </span>
     <span class='ocr_line' id='line_1_34' title="bbox 94 3551 1163 3648; baseline -0.009 -14"><span class='ocrx_word' id='word_1_248' title='bbox 94 3555 178 3634; x_wconf 84' lang='lat' dir='ltr'>dam</span> <span class='ocrx_word' id='word_1_249' title='bbox 203 3557 431 3630; x_wconf 83' lang='lat' dir='ltr'>vernaculam</span> <span class='ocrx_word' id='word_1_250' title='bbox 455 3551 645 3648; x_wconf 80' lang='lat' dir='ltr'>Eccleliae,</span> <span class='ocrx_word' id='word_1_251' title='bbox 684 3553 800 3629; x_wconf 86' lang='lat' dir='ltr'>forma</span> <span class='ocrx_word' id='word_1_252' title='bbox 826 3554 861 3626; x_wconf 76' lang='grc' dir='ltr'>ιι</span> <span class='ocrx_word' id='word_1_253' title='bbox 887 3563 992 3624; x_wconf 84' lang='lat' dir='ltr'>aetate</span> <span class='ocrx_word' id='word_1_254' title='bbox 1022 3551 1163 3646; x_wconf 84' lang='lat' dir='ltr'>integra</span> 
     </span>
     <span class='ocr_line' id='line_1_35' title="bbox 33 3651 1163 3752; baseline -0.005 -18"><span class='ocrx_word' id='word_1_255' title='bbox 33 3663 37 3682; x_wconf 94' lang='lat'>&#39;</span> <span class='ocrx_word' id='word_1_256' title='bbox 92 3651 271 3750; x_wconf 74' lang='lat' dir='ltr'>tuntum,</span> <span class='ocrx_word' id='word_1_257' title='bbox 302 3653 387 3752; x_wconf 88' lang='lat' dir='ltr'>post</span> <span class='ocrx_word' id='word_1_258' title='bbox 405 3657 551 3728; x_wconf 87' lang='lat' dir='ltr'>unicum</span> <span class='ocrx_word' id='word_1_259' title='bbox 571 3655 605 3728; x_wconf 73' lang='lat' dir='ltr'>u</span> <span class='ocrx_word' id='word_1_260' title='bbox 628 3657 743 3726; x_wconf 88' lang='lat' dir='ltr'>breve</span> <span class='ocrx_word' id='word_1_261' title='bbox 761 3653 1050 3745; x_wconf 83' lang='lat' dir='ltr'>matrimonium,</span> <span class='ocrx_word' id='word_1_262' title='bbox 1078 3669 1163 3728; x_wconf 84' lang='lat' dir='ltr'>cum</span> 
     </span>
     <span class='ocr_line' id='line_1_36' title="bbox 92 3679 1215 3852; baseline -0.005 -20"><span class='ocrx_word' id='word_1_263' title='bbox 92 3757 129 3832; x_wconf 86' lang='lat' dir='ltr'>ln</span> <span class='ocrx_word' id='word_1_264' title='bbox 147 3774 238 3850; x_wconf 85' lang='lat' dir='ltr'>pace</span> <span class='ocrx_word' id='word_1_265' title='bbox 252 3679 436 3830; x_wconf 88' lang='lat' dir='ltr'>dormisset</span> <span class='ocrx_word' id='word_1_266' title='bbox 450 3755 485 3828; x_wconf 77' lang='lat' dir='ltr'>u</span> <span class='ocrx_word' id='word_1_267' title='bbox 498 3767 665 3828; x_wconf 79' lang='lat' dir='ltr'>morante</span> <span class='ocrx_word' id='word_1_268' title='bbox 680 3753 795 3828; x_wconf 85' lang='lat' dir='ltr'>a&#39;dhuc</span> <span class='ocrx_word' id='word_1_269' title='bbox 810 3751 1026 3852; x_wconf 80' lang='lat' dir='ltr'>sepultura,</span> <span class='ocrx_word' id='word_1_270' title='bbox 1017 3748 1163 3826; x_wconf 76' lang='lat' dir='ltr'>interim</span> <span class='ocrx_word' id='word_1_271' title='bbox 1211 3779 1215 3782; x_wconf 93' lang='lat'>·</span> 
     </span>
     <span class='ocr_line' id='line_1_37' title="bbox 95 3847 1161 4030; baseline -0.01 -96"><span class='ocrx_word' id='word_1_272' title='bbox 95 3857 270 3935; x_wconf 78' lang='lat' dir='ltr'>oratione</span> <span class='ocrx_word' id='word_1_273' title='bbox 292 3855 494 3952; x_wconf 78' lang='lat' dir='ltr'>presbyteri</span> <span class='ocrx_word' id='word_1_274' title='bbox 512 3867 817 4030; x_wconf 53' lang='lat' dir='ltr'>compgneretuu</span> <span class='ocrx_word' id='word_1_275' title='bbox 841 3855 890 3930; x_wconf 82' lang='grc' dir='ltr'>ιιι</span> <span class='ocrx_word' id='word_1_276' title='bbox 906 3854 1059 3950; x_wconf 86' lang='lat' dir='ltr'>primunr</span> <span class='ocrx_word' id='word_1_277' title='bbox 1075 3847 1161 3923; x_wconf 88' lang='lat' dir='ltr'>hali</span> 
     </span>
     <span class='ocr_line' id='line_1_38' title="bbox 656 3962 1116 4046; baseline -0.015 -20"><span class='ocrx_word' id='word_1_278' title='bbox 656 3974 733 4046; x_wconf 61' lang='grc' dir='ltr'>ιφ</span> <span class='ocrx_word' id='word_1_279' title='bbox 1033 3962 1116 4034; x_wconf 86' lang='lat' dir='ltr'>tum</span> 
     </span>
    </p>
   </div>
   <div class='ocr_carea' id='block_1_4' title="bbox 0 0 1322 4336">
    <p class='ocr_par' dir='ltr' id='par_1_4' title="bbox 0 0 1322 4336">
     <span class='ocr_line' id='line_1_39' title="bbox 0 0 1322 4336; baseline 0 3"><span class='ocrx_word' id='word_1_280' title='bbox 0 0 1322 4336; x_wconf 95' lang='lat' dir='ltr'> </span> 
     </span>
    </p>
   </div>
  </div>
 </body>
</html>
