2596 4336
13 7 18 44 5
76 1 79 3 ,

108 277 112 284 Ι
292 122 882 285 ,uncauurcraprsru
1022 183 1127 262 psat
1254 237 1256 244 ,

36 333 179 410 'ursive
194 327 338 428 genitali
355 329 512 424 paffione
529 330 771 424 pendentibus
788 323 918 404 exinde
932 325 1036 402 venis
1053 325 1129 404 sen·

49 435 168 508 tinam
194 432 289 504 iliam
313 429 444 504 inferni
472 427 647 528 sanguinis
677 434 714 506 in
741 429 957 520 mamillam,
994 428 1028 502 δι
1056 426 1130 522 ipsa
1263 439 1266 446 ⁴

50 531 297 608 translatione
318 530 605 623 decoquentibus
631 531 668 604 in
691 529 875 606 materiam
902 527 1000 603 latiis
1023 531 1139 604 latio·-

50 653 141 708 rem.
196 631 283 706 lnde
311 631 403 707 adeo
429 627 497 726 fit,
520 646 573 715 ,ut
597 631 748 704 uberum
773 645 960 725 tempore,
991 629 1130 706 menses

51 731 267 830 sanguinum
287 745 433 807 vacent.
485 731 598 830 Quod
619 731 642 806 fi
664 731 818 804 verbum
842 749 929 804 caro
954 751 999 804 ex
1021 727 1057 804 se
1078 730 1130 804 fa·

53 829 152 911 &um
169 831 243 925 est,
270 851 345 904 non
360 852 405 906 ex
423 833 546 906 vulvae
561 831 912 926 communicatione,
938 827 1026 904 nihil
1040 851 1129 923 ope·

52 933 288 1022 ratarum,
314 928 427 1004 nihilo
441 931 583 1024 juncia,
605 931 693 1006 nihil
709 929 822 1028 paffa,
843 929 1032 1024 quomodo
1048 931 1130 1004 fon·
1261 922 1266 931 ¹

53 1028 131 1132 tJem
150 1030 251 1106 suum
266 1029 459 1104 transfudit
474 1031 512 1106 in
531 1033 663 1126 ubera,
690 1053 768 1126 que
783 1029 845 1106 nist
862 1029 1030 1105 habendo
1051 1051 1131 1106 non

53 1129 199 1210 mutati
220 1131 365 1206 Habere
379 1143 499 1205 autem
510 1131 713 1229 sanguinem
725 1153 804 1206 non
817 1131 942 1226 potuit
957 1127 1036 1204 utu
1052 1127 1131 1204 sub·

9 1287 10 1306 i
53 1225 320 1324 miniſtrando,
353 1229 475 1306 finon
495 1233 645 1306 haberet
668 1229 799 1308 caussas
816 1229 992 1328 sanguinis
1009 1229 1130 1326 ipsum
1220 1253 1225 1270 ⁶

55 1331 284 1408 avulsionem
299 1329 435 1404 scilicet
449 1329 517 1421 suae
534 1333 659 1410 carnis.
710 1327 810 1432 Quid
827 1331 937 1406 suerit
952 1329 1130 1404 novitatis

54 1429 317 1533 inchristoex
335 1433 475 1530 virgine
489 1429 675 1526 nascendi,
702 1433 817 1528 palam
833 1430 902 1506 est:
928 1429 1062 1506 scilicet
1076 1427 1132 1504 so&

54 1529 248 1608 lummodo
269 1531 343 1605 hoc
366 1531 465 1626 quod
487 1555 534 1608 ex
555 1531 716 1632 virgine,
742 1529 936 1606 secundum
953 1531 1133 1608 rationem

58 1654 167 1726 quam
185 1631 377 1706 edidimus:
404 1631 512 1706 &uti
529 1631 637 1730 virgo
658 1629 746 1706 effer
760 1631 988 1728 regeneratio
1010 1629 1135 1707 nostra

56 1731 80 1810 s
96 1731 264 1808 iritaiiter
282 1733 326 1806 ab
346 1731 515 1807 omnibus
538 1731 814 1826 inquinamentis
834 1729 1048 1808 sanctificata
1065 1751 1132 1826 per

6 1889 13 1899 .
90 1829 242 1950 britium
263 1833 441 1929 virginem
464 1830 633 1928 &ipsum
655 1833 763 1908 etiarn
788 1833 996 1926 carnaliter,
1019 1843 1064 1905 ut
1085 1849 1139 1919 ex·

6 1969 8 2018 5
57 1951 212 2030 Vlrglnls
230 1949 349 2010 came.
1209 2007 1214 2024 ι

30 2091 36 2100 .
137 2051 197 2108 21.
222 2029 260 2115 Si
278 2051 365 2128 ergo
384 2031 614 2110 contendunt
632 2033 710 2108 hoc
730 2029 940 2130 competisse
956 2031 1139 2130 novitati,-

58 2147 103 2210 ut
115 2131 415 2230 quemadmodum
434 2153 511 2208 non
524 2157 569 2210 ex
584 2133 656 2208 viri
671 2133 826 2229 semine,
853 2136 904 2208 ita
917 2155 987 2208 nec
1001 2155 1047 2208 ex
1059 2133 1133 2206 vir·

59 2233 154 2410 ginis
177 2251 285 2306 carne
306 2253 392 2307 caro
414 2227 521 2308 fieret
535 2235 606 2310 Dei
626 2236 800 2310 verbum:
833 2255 942 2328 quare
961 2255 1037 2310 non
1057 2231 1140 2309 hoc.
1164 2287 1169 2292 -

75 2348 104 2408 rt
119 2346 203 2407 tota
221 2333 393 2428 novitas,
420 2347 463 2406 ut
477 2355 562 2407 caro
583 2357 660 2410 non
681 2357 727 2408 ex
745 2333 998 2426 seminemus,
1025 2353 1134 2406 carne
1163 2381 1167 2394 -

58 2429 301 2608 Procedenti
328 2431 520 2508 Accedant
537 2433 652 2510 adhuc
669 2435 882 2510 comminius
903 2433 947 2508 ad
966 2429 1134 2528 congres-

34 2540 41 2558 “
76 2557 155 2610 um:
180 2533 278 2620 Ecce,
302 2531 436 2628 inquit,
457 2531 708 2628 virgoconti'piet
723 2539 759 2605 r'u
774 2553 871 2608 utero.
924 2530 1133 2632 Quidnam?

5 2669 6 2710 i
60 2635 189 2727 utique
203 2631 276 2713 Dei
297 2635 451 2710 verbum
462 2655 541 2710 non
558 2635 628 2710 viri
646 2633 784 2714 semen:
810 2652 911 2712 certe
930 2648 973 2708 ut
990 2645 1137 2730 pareret
1179 2651 1181 2656 ·
1243 2712 1256 2728 ..

61 2729 189 2830 filium.
240 2729 336 2808 Nam
349 2734 520 2832 operiet,
537 2737 676 2832 inquit,
686 2735 807 2828 fliium.
859 2733 959 2832 Ergo
973 2747 1015 2807 ut
1026 2729 1134 2827 ipsrus

59 2831 132 2921 {uit
148 2831 374 2930 concepiise,
400 2835 451 2908 ita
465 2835 570 2930 ipsius
589 2835 754 2932 estquod
770 2835 931 2936 peperit:
956 2835 1137 2910 licetnou

61 2931 169 3030 ipsrus
193 2933 305 3010 fuerit
323 2933 421 3027 quod
442 2937 625 3032 concepit.
675 2935 843 3031 Contra,
868 2937 1067 3010 fiverbnrn
1088 2951 1136 3008 ex

61 3031 98 3108 se
115 3055 204 3110 caro
228 3033 356 3110 factum
375 3033 449 3130 est,
471 3037 545 3130 iam
563 3035 675 3131 ipsum
689 3033 725 3112 se
739 3037 912 3130 concepit
929 3033 1133 3130 &peperig

63 3133 224 3210 &vacat
241 3135 446 3232 prophetia.
498 3137 589 3212 Non
608 3137 702 3212 enim
721 3137 829 3236 virgo
851 3133 1045 3230 concepit,
1071 3153 1135 3206 ne·

63 3257 134 3330 que
150 3235 314 3332 peperit,
349 3236 373 3310 sr
394 3257 472 3310 non
495 3235 664 3332 quicquid
683 3239 824 3331 peperit
844 3257 889 3312 ex
908 3234 1028 3308 verbo
1046 3251 1143 3308 con·

63 3349 177 3432 cepto
192 3355 279 3410 caro
292 3333 396 3428 ipsus
412 3335 473 3413 est.
524 3335 701 3415 Solahaec
715 3351 835 3412 autem
850 3336 1040 3432 prophete
1054 3351 1137 3408 vox

63 3433 333 3510 evacuabitur?
366 3457 411 3508 au
430 3435 464 3509 dr
482 3437 599 3534 angeli
621 3452 842 3532 conceptum
858 3437 891 3509 sc
905 3447 1047 3528 parturn
1063 3431 1138 3508 vir·

61 3539 154 3636 ginis
177 3535 456 3613 annuntiantes?
492 3559 537 3610 an
561 3535 596 3610 dc
618 3538 736 3612 omnis
752 3540 826 3632 Jarn
849 3535 1022 3632 scriptura
1043 3553 1137 3628 quae·

64 3659 221 3732 cumque
235 3651 385 3710 matrem
402 3640 618 3730 pronuntiat
635 3633 790 3712 Christi?
817 3633 1019 3732 Quomodo
1040 3633 1139 3709 enim

64 3753 202 3830 mater,
227 3735 289 3810 nisr
303 3735 386 3829 quia
401 3737 437 3811 in
450 3751 559 3812 utero
574 3739 652 3826 ejus
665 3735 760 3812 fuiti
785 3735 843 3811 sed
858 3737 947 3812 nihii
964 3757 1010 3810 ex
1024 3747 1136 3808 utero

66 3838 143 3937 eius
169 3838 341 3934 accepit,
372 3837 472 3936 quod
494 3843 647 3916 matrem
672 3859 751 3916 eam
776 3837 941 3937 faceret,
972 3838 1011 3912 in
1034 3833 1156 3926 errius·

959 3947 1088 4012 rutero
