2638 4342
186 214 620 316 nepveu-svs
670 207 996 308 Jooaeos.
1084 213 1156 310 669

92 375 325 473 prophetiam
341 371 450 450 Esaiae
468 373 620 450 emissam
632 371 852 471 hujusmodh
874 377 962 446 Ama
975 375 1071 450 lucem
1084 377 1159 462 lm.
1228 424 1231 430 .

89 497 165 574 gent
187 479 227 548 ad
252 501 296 546 mc
322 480 479 566 dicentes,
515 477 632 548 Eamus
657 475 694 550 di
718 493 916 546 revertamur
937 477 976 546 ad
998 477 1158 547 dominum

61 583 226 670 aDeum,
252 581 398 674 quoniam
421 577 482 672 ipse
504 583 616 670 eripiet
641 575 679 651 θ’
705 574 850 644 liberabit
876 599 945 648 raas.
1000 571 1085 646 Post
1106 573 1160 645 bi·

74 677 226 767 ¹duunr,
254 676 313 748 die
327 675 453 768 tertia,
481 697 557 766 quae
578 673 630 748 est
652 671 861 747 resturedtio
879 675 975 766 ejus,
1002 667 1158 768 gloriosa

95 777 140 850 de
160 778 309 849 terrain
333 777 443 846 coelos
467 796 547 848 eunt
567 777 727 867 recepit,
752 774 848 846 unde
867 774 899 846 dr
918 787 1068 846 venerat
1085 769 1159 866 ipse

96 875 258 970 spiritus,
286 874 330 946 ad
351 875 546 972 virginem:
574 875 673 966 cujus
690 893 806 966 neque
825 875 1071 964 nativitatem,
1098 893 1159 946 ne·
1249 919 1252 926 ⁴
1284 890 1289 901 ·

95 997 166 1068 que
191 973 382 1068 pastionem
405 973 516 1068 Judaei
544 987 781 1069 agnoverunt.
846 973 957 1068 igitur
989 972 1160 1062 quoniam

97 1076 213 1148 adhuc
237 1073 463 1146 contendunt
481 1073 612 1167 Judaei,
639 1074 792 1146 necdum
812 1071 947 1146 venisse
967 1069 1158 1166 Christum,

97 1197 204 1266 quern
221 1185 281 1246 tot
295 1173 411 1246 modis
427 1172 702 1264 adprobavimus
718 1167 871 1260 venisse3
894 1168 1158 1269 recognoscant

97 1273 233 1368 Judaei,
268 1273 403 1367 exitum
429 1270 549 1364 suum,
579 1293 683 1364 quern
709 1270 790 1364 post
815 1271 1010 1346 adventurn
1029 1267 1157 1344 Christi

96 1371 244 1446 relaturi
266 1373 570 1466 precinebantur,
598 1373 647 1444 ob
666 1372 906 1465 impietatem,
936 1369 1158 1463 quaeum&

99 1473 356 1564 despexerunt,
384 1469 701 1547 &interfecerunt
750 1469 869 1546 Primo
883 1474 997 1564 enim,
1025 1489 1159 1562 exque

97 1573 156 1647 die
186 1569 377 1644 secundum
404 1567 533 1644 diuum
558 1568 685 1644 Esaiae:
727 1573 862 1667 trojan
886 1573 974 1642 homo
996 1575 1158 1643 abomina-

72 1665 75 1675 ’
96 1673 274 1761 mmlafita
289 1695 384 1740 aureo
402 1672 440 1744 d
456 1686 616 1762 argentee,
643 1695 708 1766 qvae
720 1669 888 1762 fecerum,
914 1675 1042 1742 adorare
1059 1677 1159 1742 vanis
1300 1757 1301 1766 ἵ

97 1773 136 1848 (5
155 1776 301 1854 nocims,
332 1768 458 1858 idest,
493 1789 537 1840 ex
562 1789 634 1860 quo
656 1781 779 1864 gentes
804 1789 871 1842 nos
891 1771 1081 1844 dilucidata
1096 1793 1165 1864 pe·v

99 1871 222 1964 diora,
254 1889 318 1962 per
340 1867 466 1941 Christi
485 1869 674 1942 veritatem
698 1869 913 1961 projecimus
933 1871 1041 1947 idola.
1093 1871 1159 1943 Vi·

99 1971 210 2046 deant
227 1968 362 2066 Judaei,
389 1967 424 2039 dt
444 1968 542 2060 quod
558 1965 713 2058 sequitur
728 1967 942 2062 expunitum
963 1970 1036 2064 est,
1065 1963 1160 2044 Tulit

99 2080 184 2144 enim
197 2073 341 2142 dominvs
361 2069 498 2138 Sabaoth
512 2073 549 2138 in
567 2071 691 2164 Judaeir
706 2067 744 2144 U
762 2067 799 2140 ab
819 2071 1038 2158 Hierusalem,
1063 2071 1160 2146 inter

100 2183 247 2263 cetera,
274 2167 312 2246 δ’
327 2167 502 2266 sapientem
525 2166 760 2262 archadium,
781 2175 839 2266 qui
862 2173 994 2262 addicar
1013 2173 1160 2268 acclefiarr

103 2275 168 2344 Dei
195 2273 368 2366 tempium,
392 2267 440 2357 y&
466 2273 630 2338 civitatem
649 2269 794 2355 frantiam
820 2266 858 2344 (7
883 2273 1003 2344 domum
1027 2275 1160 2353 damini,
1244 2293 1246 2301 ¹

100 2367 196 2444 Naro
217 2369 346 2442 exinde
366 2367 499 2440 destitit
519 2367 612 2460 apud
631 2367 714 2440 illos
731 2365 803 2440 Dei
817 2365 958 2463 gratia.¹
1003 2375 1050 2443 Er
1070 2395 1161 2443 marr·

99 2473 210 2540 darum
233 2470 273 2566 ‘st
293 2469 451 2552 nutiles,
483 2491 523 2536 rra
542 2468 687 2564 pluerant
705 2467 830 2537 imbrem
848 2470 938 2565 [uper
956 2475 1084 2542 vineam
1101 2476 1161 2544 So·

100 2571 200 2658 rech,
232 2569 268 2640 id
286 2565 337 2642 est
354 2565 550 2640 coelestibus
566 2564 773 2660 beneficiis,
799 2587 847 2640 ne
860 2573 1074 2666 proveniret
1095 2571 1160 2645 do·

100 2691 180 2744 rnus
200 2666 344 2744 Israelis.
403 2664 554 2740 Fecerat
572 2663 666 2740 enim
683 2665 823 2761 spinas,
852 2691 897 2742 ex
920 2671 1046 2762 quibus
1062 2667 1162 2746 Chri·

101 2767 192 2842 stum
216 2781 479 2859 coronaverat,
506 2767 539 2840 tr
562 2785 637 2839 non
657 2765 847 2860 justitiam,
874 2766 932 2842 sed
951 2779 1160 2866 clamorem,

102 2889 177 2960 quo
197 2868 235 2940 in
255 2887 362 2943 cruce
382 2887 463 2940 eum
486 2862 706 2956 extorserat,
740 2866 773 2938 tr
796 2867 847 2939 ita
872 2866 1052 2944 subtrastis
1080 2871 1162 2946 cha·

101 2965 251 3041 rismatis
264 2969 463 3061 prioribus,
482 2967 540 3038 lex
555 2965 587 3036 dr
603 2967 789 3058 prophetae
801 2987 914 3057 usque
931 2971 973 3041 ad
984 2972 1160 3064 Joannenr
1178 2965 1181 2975 '

17 3139 18 3162 ,
102 3067 279 3158 fuerunt,
309 3065 350 3139 'dt
382 3064 512 3159 piscina
538 3063 720 3138 Bethsaida
750 3085 862 3156 usque
894 3067 938 3140 ad
965 3070 1162 3147 adventurn

105 3166 234 3240 Christi
248 3165 406 3240 curando
422 3163 647 3238 valetudines
665 3166 708 3236 ab
722 3163 836 3240 lsrael.
888 3165 1002 3239 Dehit
1018 3189 1037 3240 a
1054 3169 1162 3246 bene·

17 3297 21 3416 ,
104 3267 195 3356 ficiis
216 3267 370 3356 deinde,
409 3285 490 3336 curn
507 3262 772 3356 perseverantia
796 3261 929 3338 suroris
954 3263 1004 3339 sui
1026 3289 1162 3346 nornen

104 3365 241 3438 domini
258 3385 323 3459 per
337 3362 430 3458 ipsos
445 3360 754 3456 blasphemaretur.
791 3361 892 3438 Sicut
907 3365 1072 3460 scripturn
1090 3369 1161 3446 est'e

102 3465 260 3558 Propter
288 3485 358 3537 vos
385 3485 517 3556 nomen
539 3462 611 3536 Dei
637 3463 896 3559 blasphematur
921 3466 1160 3561 imlgentibust

17 3631 18 3644 ,
103 3563 166 3638 Ab
188 3565 255 3638 illis
276 3563 526 3656 enirnincepit
549 3561 723 3657 infamia,
756 3563 790 3637 tr
814 3578 953 3659 tempus
970 3566 1163 3645 mediumt

100 3663 258 3738 .Tiberio
280 3681 394 3756 usque
414 3663 457 3736 ad
475 3659 736 3756 Vespasianum.
790 3667 880 3764 Quae
898 3687 978 3740 curn
998 3667 1048 3740 ita
1064 3686 1163 3744 corn·
1300 3755 1301 3760 Ν

104 3761 295 3862 misissent,
328 3785 398 3840 nec
422 3759 677 3842 intellexissent
700 3759 898 3862 Christum,
933 3765 1162 3862 intempore
1300 3761 1301 3764 ‘

1044 3866 1113 3942 suar
1233 3925 1236 3932 .
