2540 4334
155 213 203 310 84
296 215 346 318 Q.
371 204 504 290 Suet.
528 209 675 287 Fron.
700 205 1077 303 Tentuttrnrtr,

160 409 165 418 ·
204 395 240 472 7.
266 371 343 469 Jarn
371 393 463 448 vero
490 373 784 468 percurrentibus
812 374 919 448 nobis
947 369 1077 446 caussas
1104 365 1220 466 impe·

140 476 307 564 tientiaet
334 487 462 548 caetera
477 491 623 566 quoque
637 485 814 566 precepta
831 468 898 544 suis
916 472 1008 544 locis
1022 467 1221 564 responde·

153 573 257 660 bunt.
317 573 354 647 Si
375 574 595 648 detrimento
620 573 873 655 rei‘samiiiaris
897 571 1033 646 animus
1057 571 1224 642 concite-

152 689 245 768 tur,
282 675 380 746 omni
408 691 502 768 pene
525 673 564 746 in
589 672 677 744 loco
705 671 749 744 de
772 670 1042 746 contemnendo
1068 667 1220 764 seatio,

152 775 336 869 seripturis
356 770 542 848 dominicis
564 775 835 848 commonetur:
858 791 927 844 nec
948 770 1063 862 rnajor
1091 768 1136 842 ad
1153 789 1222 863 pe·

113 957 115 962 ,
142 865 269 948 'cuniae
286 883 535 965 contemptum
559 869 768 944 exhortatio
787 867 970 964 subjacet,
998 867 1241 961 quemquod·

141 972 227 1072 ,ipse
268 971 433 1046 dommus
465 971 504 1044 in
538 970 643 1044 nullis
680 969 813 1044 divitiis
848 969 1044 1044 invenitur.
1121 967 1224 1042 Sem·

153 1094 220 1172 per
238 1077 413 1166 pauperes
427 1067 615 1164 justificat,
630 1071 639 1088 “
653 1069 784 1143 divites
804 1069 1032 1163 praedamnat
1083 1067 1139 1142 lte
1158 1067 1222 1142 de·

152 1176 364 1266 trimenttun
382 1169 588 1266 patientie,
624 1168 798 1243 fastidium
824 1169 1018 1263 opulentiae
1041 1167 1223 1264 prenunt-

151 1269 299 1364 stiavit,
325 1270 569 1347 demonstrans
583 1289 648 1364 per
665 1269 902 1363 abjedtionem
916 1269 1146 1360 divitiarum,
1162 1269 1222 1342 lae·

153 1371 250 1446 furas
274 1389 420 1462 quoque
442 1389 563 1442 earum
582 1370 839 1462 computandas
862 1387 939 1442 non
964 1367 1044 1442 effe.
1103 1366 1224 1469 Quod

103 1538 107 1544 .
153 1469 243 1564 ergo
267 1471 375 1542 nobis
398 1485 568 1564 appetere
585 1471 728 1543 minime
749 1488 841 1562 opus
862 1468 933 1562 est,
964 1468 1048 1561 quie
1065 1487 1138 1540 uec
1155 1467 1223 1540 do-

151 1572 270 1652 minus
293 1567 494 1662 appetivit,
528 1568 860 1644 detruncatumvel
883 1570 991 1642 etiam
1011 1567 1224 1660 ademptum

152 1685 232 1744 non
247 1689 340 1765 aegre
356 1666 525 1742 sustinere
540 1669 723 1742 debemus.
765 1665 980 1764 Cupiditatem
996 1673 1140 1740 omnium
1157 1693 1225 1740 m-

152 1771 255 1842 ierum
267 1773 397 1840 radicem
412 1767 550 1862 spiritus
564 1767 699 1840 domini
709 1789 774 1861 per
782 1767 999 1860 Apostolum
1009 1767 1224 1860 pronuntin-

153 1870 222 1942 uit.
266 1865 355 1940 Eum
371 1889 446 1940 non
459 1867 496 1938 in
511 1865 801 1960 concupiscentia
814 1869 917 1941 alieni
932 1862 1070 1940 tantum
1087 1865 1225 1942 conffl-

154 1983 270 2040 tutam
282 1967 577 2058 interpretemur:
609 1985 690 2040 nant
706 1966 739 2040 dt
755 1965 1032 2058 quodnostrum
1055 1965 1223 2062 udeuu,

155 2067 310 2140 alienum
323 2065 389 2140 est:
407 2065 496 2137 nihil
508 2063 602 2138 eninr
616 2065 796 2157 nostrum,
812 2068 980 2157 quoniam
992 2066 1064 2140 Dei
1080 2069 1223 2161 omnin,

99 2214 104 2220 -
155 2163 258 2258 cujus
279 2163 342 2257 ipii
367 2183 512 2256 quoque
534 2185 616 2240 nos.
665 2165 790 2258 Itaque
809 2167 834 2238 fi
851 2167 981 2240 damno
1005 2163 1136 2240 adsedi
1158 2169 1224 2244 im·

154 2266 336 2362 patienter
352 2261 579 2356 senserimus,
604 2285 681 2338 non
702 2265 746 2338 de
767 2265 892 2338 nostro
916 2263 1070 2340 emissum
1093 2265 1224 2340 dolen·

66 2355 70 2369 ’
154 2381 244 2458 tes,
279 2358 411 2446 adfines
437 2363 639 2462 cupiditatis
665 2364 982 2458 deprehendemur.
1045 2361 1225 2440 Alienum

156 2465 365 2558 querimus,
392 2481 474 2536 cunr
498 2464 651 2536 alienum
668 2463 850 2560 emissum,
885 2481 977 2563 aegre
998 2463 1223 2543 sentinemus.

158 2563 234 2666 Qui
261 2563 377 2636 damni
401 2563 621 2656 impatientia
644 2567 874 2658 concitatur,
908 2577 1052 2639 terrena
1069 2565 1224 2638 coeiesti·
1255 2637 1256 2646 ,

113 2667 117 2679 “
156 2663 226 2736 bus
241 2663 520 2756 anteponendo,
546 2663 591 2736 de
606 2665 773 2758 proximo
787 2663 824 2736 in
837 2665 958 2740 Deum
970 2679 1109 2757 peccat.
1144 2663 1224 2760 Spi·
1255 2665 1256 2680 ¹

157 2763 265 2836 ritum
282 2765 375 2836 enim
393 2783 416 2856 q
442 2780 498 2836 ern
515 2785 535 2835 n
552 2762 700 2836 donrino
713 2759 873 2858 sumpsit,
895 2761 1059 2838 secularis
1073 2765 1128 2838 rei
1144 2785 1227 2862 grs-

157 2857 210 2936 t'ie
226 2864 401 2936 concutit.
470 2863 612 2960 ibenter
626 2863 733 2960 igitur
749 2867 894 2937 terrena
906 2865 1128 2957 amittemus,
1151 2886 1224 2938 coe·

157 2959 258 3036 iestis
279 2975 451 3036 tueamur.
509 2959 650 3036 Totum
670 2963 757 3036 licet
776 2963 931 3038 seculum
955 2977 1103 3057 pereat,
1135 2961 1225 3040 dum

157 3061 367 3158 patientiam
394 3059 622 3136 lucrifaciam.
683 3062 760 3156 Jem
786 3065 844 3156 qui
869 3065 1045 3138 minutum
1069 3063 1135 3138 fibi
1161 3063 1230 3138 uli·¹

81 3215 84 3226 .
153 3159 246 3251 'quid
268 3169 329 3234 aut
349 3159 473 3253 furt0,
508 3175 570 3234 ortt
589 3161 627 3231 vi
647 3162 830 3234 autetiam
847 3163 1010 3260 ignavie,
1036 3181 1114 3236 nou
1131 3181 1227 3238 con·
1255 3167 1256 3174 ’

157 3257 291 3332 stanter
314 3259 481 3332 sustinere
500 3257 705 3334 coustituit:
736 3259 858 3334 nescio
877 3283 922 3338 an
939 3261 1067 3356 facile,
1093 3265 1226 3339 velex
1254 3281 1256 3360 i

159 3363 278 3432 animo
303 3357 376 3452 ipse
403 3357 455 3432 rei
482 3357 549 3432 suae
572 3374 715 3436 manum
739 3359 872 3434 inferre
897 3361 1015 3456 posset
1038 3364 1076 3436 in
1102 3361 1227 3438 cauus
1255 3363 1256 3374 '

158 3455 404 3550 eleemosynae.
455 3459 548 3560 Quis
567 3461 661 3534 eninr
680 3461 723 3534 ab
750 3461 820 3534 aiio
843 3459 951 3536 secari
972 3463 1123 3538 omnino
1143 3483 1228 3538 non

157 3552 359 3652 sustinens,
392 3553 465 3650 ipse
490 3557 624 3632 serrum
646 3561 682 3633 in
709 3580 866 3655 corpore
891 3561 956 3636 suo
984 3561 1094 3638 dude
1158 3559 1229 3638 Pe·

156 3657 285 3730 tientia
314 3657 351 3728 in
377 3657 627 3754 detrimentis,
667 3663 879 3734 exercitatio
910 3659 962 3738 est
985 3661 1162 3760 impendi
1187 3663 1231 3738 dt

156 3756 455 3832 communicandi.
507 3759 712 3855 Non-piget
727 3761 983 3856 dontreetuu,
1009 3763 1069 3855 qui
1083 3763 1232 3836 nonti-

155 3869 231 3932 met
244 3855 406 3950 perdere.
457 3853 631 3953 Alioquin
647 3861 835 3954 quemodo
855 3859 943 3938 duas
962 3863 1100 3940 hebens
1119 3863 1229 3938 tuni-

1089 3981 1170 4058 ces,

1253 4159 1256 4253 i
