2596 4336
110 401 112 404 ·
180 371 272 466 stet,
289 369 375 446 nex
387 356 541 446 hnmana
551 369 701 445 metrice
713 365 938 444 substantiam
948 370 1073 466 xtrettrit.
1126 371 1258 472 Quen.

181 493 289 566 quern
311 469 414 559 licuit
432 471 502 563 jarn
519 467 553 542 dt
572 469 617 542 de
632 469 782 556 nonpine
796 469 972 563 hominis,
999 469 1045 544 de
1057 469 1150 544 statu
1165 493 1254 564 quet

158 635 162 642 .
179 573 315 664 litatis,
350 571 385 644 dt
401 571 446 644 de
465 565 564 642 sensu
579 567 821 664 traditionis,
855 569 890 642 dt
910 570 955 643 de
971 571 1072 643 exitu
1084 571 1256 664 paiiionit

104 723 110 730 -
180 675 372 751 humanam
394 665 598 745 constitiss'e.
656 669 755 744 Ante
777 669 899 742 omnia
922 682 1040 748 autem
1066 687 1253 746 commen·-

182 771 299 850 danda
316 773 386 846 orit
398 771 492 844 ratio
506 789 584 862 quae
601 769 762 864 praefuit,
790 784 831 841 ut
845 767 917 844 Dei
935 765 1031 842 filius
1045 770 1092 845 de
1109 773 1252 868 virgine

179 871 398 951 nasceretur.
457 868 573 944 Nove
591 868 685 944 nesci
709 869 889 961 debebat,
915 889 1024 942 novre
1046 871 1249 948 nadvieatie

179 973 381 1052 dedicator.
418 969 477 1044 De
491 991 560 1062 qua
573 969 707 1064 signum
720 969 866 1042 daturus
883 969 1069 1064 dominus,
1089 973 1133 1044 eb
1147 965 1251 1050 Esaia

178 1071 451 1174 praedicabatllr.
504 1071 616 1170 Quod
631 1067 683 1143 est
693 1067 784 1143 istud
796 1067 958 1164 signum?
987 1072 1251 1166 Etctvirgocort·

178 1180 275 1272 cipiet
291 1179 328 1244 in
341 1189 452 1251 troo,
476 1167 516 1247 tt
530 1173 766 1266 pareceptum.
818 1167 1000 1264 Concepit
1014 1169 1122 1268 igitur
1136 1172 1249 1268 virgo

78 1272 85 1288 ’
181 1273 380 1370 &peperit
401 1265 655 1366 Emanuelem,
684 1271 875 1344 nobiscum
895 1269 1025 1345 Deurn.
1081 1271 1171 1344 Haec
1195 1269 1248 1348 est

183 1365 356 1452 nativit&
386 1393 517 1463 nova,
554 1370 638 1444 dum
667 1370 780 1446 homo
811 1368 966 1443 nascitur
987 1369 1026 1444 in
1050 1369 1147 1447 Deo.
1204 1374 1251 1447 in,

180 1495 256 1568 quo
280 1467 430 1548 homine
452 1469 555 1547 Deus
576 1481 681 1544 natos
701 1467 774 1563 est,
812 1486 929 1544 came.
946 1471 1080 1563 antiqui
1103 1469 1247 1548 serninit

178 1573 361 1666 suscepta,
386 1568 788 1663 sinesernineantiqini,
813 1571 964 1658 otiliam
978 1591 1083 1644 novo
1097 1569 1247 1670 semine,

175 1675 217 1752 id
234 1673 287 1748 est
297 1671 499 1769 spiritaliter
509 1670 744 1764 reformaret,
772 1672 921 1744 exclusis
935 1671 1154 1764 antiquitatis
1171 1671 1247 1746 sor-

182 213 258 307 S¹⁶
322 201 1150 308 Q·S”T·F208.Tterottrerrr'
1225 149 1288 238 ‘¹³

179 1775 285 1852 dibus
309 1763 500 1870 expiatarn.
531 1769 715 1852 ,Sedtota
738 1773 908 1843 nativitas
926 1769 1016 1862 ista,
1047 1772 1137 1866 sieut
1155 1771 1189 1844 dt
1206 1775 1248 1852 in
1286 1833 1288 1846 .

179 1875 372 1965 omnibus,
401 1871 446 1944 de
460 1871 579 1970 veteri
594 1865 746 1966 figurata
766 1868 839 1964 est,
866 1869 1032 1944 rationaii
1051 1891 1118 1964 per
1137 1871 1248 1972 virgi·

178 1995 264 2052 nem
289 1971 521 2068 dispositione
543 1969 693 2044 domino
714 1967 894 2046 nascente.
951 1971 1069 2066 Virgo
1091 1987 1168 2044 erat
1186 1973 1247 2046 adi

78 2125 84 2138 -
177 2075 255 2152 hue
274 2088 396 2167 terra,
430 2069 593 2144 nonduin
617 2087 730 2164 opere
752 2067 976 2164 compressa,
1010 2071 1171 2144 nondurn
1192 2071 1248 2148 se·

177 2173 293 2249 rnenti
315 2169 477 2245 subant:
509 2189 555 2244 ex
580 2191 624 2242 ea
647 2169 831 2244 hominem
855 2168 985 2244 fatiunt
1006 2172 1249 2264 occipinrusa

151 2274 267 2358 ‘'Deo
291 2273 329 2345 in
354 2271 504 2345 animant
527 2267 663 2344 vivam.
721 2268 833 2367 Igitur
854 2272 879 2344 sr
903 2271 1036 2364 prirnus
1057 2269 1175 2346 Adern
1199 2276 1247 2352 de

179 2389 278 2448 terro
290 2371 464 2464 tradinrr,
482 2371 614 2445 rnerito
626 2367 797 2464 sequens,
815 2373 877 2450 vel
890 2371 1098 2446 noviffimlls
1112 2369 1247 2472 Adane,

178 2471 429 2568 utApostoluo
442 2469 550 2556 dixin
570 2469 724 2564 proinde
737 2471 782 2544 de
795 2484 904 2562 terra,
919 2469 1019 2544 idest
1033 2488 1139 2562 carne
1152 2494 1247 2550 none¹

143 2655 146 2660 ,
180 2574 266 2650 duin
282 2571 507 2669 generationi
523 2569 716 2666 resignate,
734 2569 773 2644 in
787 2569 946 2664 spiritum
962 2568 1210 2649 vivificantem
1224 2595 1247 2652 a

170 2674 267 2756 Deo
283 2673 334 2745 est
353 2673 528 2766 prolatus.
578 2669 629 2742 Et
648 2685 766 2744 tannen
787 2691 834 2744 ne
854 2671 941 2744 mihi
960 2685 1071 2745 vacet
1080 2674 1247 2750 [incutite

179 2773 337 2848 nominis
356 2770 401 2845 ad
424 2769 578 2844 eundem
591 2765 790 2862 Christum,
817 2769 935 2844 Adam
950 2773 994 2846 ab
1012 2771 1180 2870 apostolo
1188 2775 1249 2848 ni-

180 2871 257 2946 etus
273 2869 344 2964 est,
369 2871 544 2944 fiterreni
563 2891 640 2944 non
660 2869 730 2944 fuit
750 2871 874 2942 censos
894 2871 1008 2946 horno
1029 2871 1135 2964 eius?
1171 2875 1247 2954 Sed

180 2973 217 3047 dt
233 2973 293 3046 hic
312 2971 407 3044 ratio
424 2969 607 3062 defendit,
634 2967 734 3063 quod
747 2969 818 3043 Dei
836 2971 1072 3068 imaginem&
1088 2973 1250 3050 similini

180 3073 301 3148 dinem
326 3069 422 3147 strom
447 3061 634 3143 idiabolo
657 3083 796 3164 coptam
814 3075 938 3146 aemuln
956 3073 1172 3165 operatione
1186 3067 1256 3151 re?
1284 3107 1288 3134 ε

180 3172 382 3265 cuperavit.
433 3169 473 3244 ln
489 3169 664 3266 virginem
678 3169 777 3244 enirn
795 3167 1040 3246 adhucEvtnr
1054 3171 1248 3268 irrepserat
1284 3219 1288 3256 ÷

178 3273 333 3344 verbum
348 3267 617 3344 aedificatorium
637 3271 778 3344 mortis.
828 3269 1062 3368 Invirginern
1077 3293 1180 3365 aeqoe
1190 3273 1248 3350 in·

178 3370 446 3446 troducendum
462 3383 539 3442 erat
552 3369 624 3442 Dei
639 3371 792 3446 verbnm
808 3371 1066 3448 extrudorinm
1080 3375 1185 3450 vitet:
1202 3389 1250 3451 ut

179 3471 280 3563 quod
296 3489 360 3564 per
375 3469 550 3562 ejusmodi
564 3468 685 3543 sexum
700 3471 835 3544 abierat
847 3473 883 3544 in
899 3472 1161 3570 perditionem,
1176 3493 1247 3568 per
1286 3553 1288 3566 J

133 3622 136 3628 ,
178 3569 333 3644 eundern
362 3567 483 3642 sexum
511 3569 734 3666 redigeretur
760 3569 797 3644 in
824 3570 981 3648 iiiutenr.
1029 3571 1248 3650 ‘Crediderat

175 3665 260 3742 Eva
274 3667 449 3762 serpenti,
475 3667 627 3743 credidit
643 3670 761 3744 Maria
776 3669 951 3746 Gabrieli:
979 3675 1077 3766 quod
1090 3675 1150 3748 ina
1165 3696 1252 3749 eree·

175 3769 297 3842 dendo
312 3767 488 3862 deliquit,
520 3770 597 3844 haec
617 3772 799 3845 credendo
819 3771 967 3848 delerit.
1017 3773 1088 3848 Sed
1107 3773 1142 3847 ἂ
1159 3773 1247 3852 Eva

173 3865 268 3950 miri
281 3879 370 3954 tuoe
385 3870 559 3980 concepit
572 3871 615 3983 io
633 3885 741 3956 uteto
759 3889 805 3956 ex
821 3871 958 3968 diaboli
977 3875 1108 3982 nerto
1143 3868 1247 3962 ,Ino

682 3993 685 3999 ’
744 3990 749 4000 ’
808 4027 811 4035 ,
1057 4037 1063 4043 .
1100 3991 1193 4056 con·
