2596 4336
146 201 223 296 454
286 191 498 300 spissis.
523 191 668 272 Fson.
692 156 1059 268 Tassustss'st
1129 201 1148 214 ““
1178 171 1191 196 '

145 359 202 462 Et
212 345 286 434 hoc
302 379 389 531 erio
405 359 486 432 ilios
503 357 602 434 iacit.
653 357 765 460 Quod
780 357 804 431 sr
820 357 1027 432 nationibus
1045 351 1222 432 destinati

148 459 318 538 dottores
375 458 536 554 postoli,
577 459 637 556 ipsi
663 479 807 551 quoque
831 457 1016 531 dodtorenr
1039 455 1222 530 consecu-

147 561 220 658 turi
238 573 340 634 erant
355 562 595 652 paracletum,
609 560 724 632 multo
738 561 847 655 magis
862 560 1014 634 vacabat
1028 577 1111 654 erga
1125 579 1228 651 nos,

192 669 282 734 ariae
296 660 334 738 (5
350 661 546 730 dissenseris:
573 661 698 751 quibus
716 663 815 732 uitro
835 671 910 731 erat
926 659 1134 731 obventura
1148 659 1228 730 do·'

147 689 348 938 ists
362 756 1220 952 arnannnnsnntn‘taua

98 1047 104 1052 ‚
148 963 215 1038 sna
241 959 344 1034 sunt:
380 979 446 1052 per
470 979 572 1030 aures
595 959 799 1052 Judaeorusn
823 960 866 1031 ad
888 976 956 1031 nos
986 957 1217 1035 transierunt.

149 1059 222 1137 Sed
243 1061 412 1154 pleraque
432 1061 468 1130 in
488 1057 656 1151 personas
680 1059 832 1149 strena,
858 1077 934 1132 non
954 1057 1220 1152 proprietatem

151 1159 409 1238 admonitionis
432 1161 536 1232 nobis
553 1159 836 1248 constituerunt,
863 1157 922 1230 sed
940 1157 1154 1249 exemplum.

228 1283 262 1362 9.
291 1257 393 1332 Cedo
411 1279 507 1331 nunc
524 1255 651 1354 sponte
672 1260 716 1332 de
736 1259 846 1356 gradu
861 1257 946 1330 isto:
982 1258 1149 1331 omnibus
1167 1257 1221 1332 di·

152 1361 247 1438 stum
266 1359 329 1452 iit,
359 1361 500 1452 Querire
519 1359 558 1435 (5
577 1363 770 1430 invenieris:
797 1375 914 1431 tamen
938 1357 972 1431 ds
992 1357 1051 1432 hic
1074 1359 1222 1450 expetit

151 1459 300 1554 sensus,
335 1473 472 1532 certare
506 1483 585 1534 curn
615 1457 925 1554 interpretationis
960 1459 1222 1552 gubernaculo

152 1561 267 1639 Nulla
281 1579 361 1632 vox
378 1559 498 1632 divina
515 1561 565 1634 ita
581 1559 746 1634 dissoluta
764 1557 814 1632 est
831 1559 864 1632 dt
881 1555 1024 1650 diffusa,
1050 1570 1092 1629 ut
1102 1560 1222 1632 verba

152 1675 296 1738 tanturn
315 1657 574 1754 defendantur,
601 1659 968 1739 &ratioverbortun
988 1677 1066 1730 non
1086 1657 1221 1732 consti·

154 1773 289 1836 tuatur.
349 1757 420 1831 Sed
438 1759 474 1832 in
494 1761 615 1854 primis
633 1761 705 1833 hoc
720 1779 903 1854 propono.
953 1755 1075 1832 Ununr
1093 1757 1222 1850 itaque

154 1861 193 1936 dt
213 1872 350 1934 certum
366 1859 496 1952 aliquid
512 1859 708 1932 institutum
724 1858 792 1934 eise
809 1882 829 1930 a
843 1855 1005 1949 Christo,
1028 1859 1129 1949 quod
1144 1879 1221 1932 cre-

154 1961 244 2036 dere
269 1957 481 2031 omnimodo
511 1959 664 2034 debeant
689 1961 874 2034 nationes:
909 1959 942 2032 a
968 1957 1104 2030 idcirco
1128 1977 1223 2048 quae·

153 2079 262 2151 rere,
295 2057 510 2150 nepotum,
538 2081 618 2133 cunr
639 2059 866 2151 inuenerint,
894 2057 1051 2131 credere.
1102 2057 1221 2132 Unius

105 2208 108 2223 .
151 2163 274 2258 porro
294 2155 431 2228 &certi
452 2157 628 2250 instituti,
660 2155 799 2232 infinita
816 2157 994 2250 inquistio
1008 2177 1083 2230 non
1099 2155 1229 2250 potest¹

157 2253 248 2342 eise:
275 2257 500 2349 quaerendurn
515 2259 584 2354 est,
603 2259 722 2334 donec
737 2259 918 2352 invenias,
938 2255 1220 2352 decredendum,

156 2359 221 2434 ubi
245 2357 446 2432 inveneris:
482 2359 624 2434 &nihil
652 2363 824 2457 amplius,
848 2358 911 2434 nisi
936 2351 1221 2451 osuiodiendum,

159 2459 261 2556 quod
285 2455 479 2532 credidisti:
513 2460 595 2534 duna
616 2457 756 2558 insuper
781 2461 915 2550 credis,
949 2457 1043 2532 aliud
1056 2477 1135 2532 non
1151 2453 1226 2534 eise
1276 2457 1277 2464 '

158 2555 389 2632 credendum.
440 2557 602 2651 Ideoque
619 2581 690 2634 nec
710 2557 979 2654 requirendum,
1014 2577 1094 2632 curn
1114 2557 1150 2630 id
1172 2559 1229 2631 in·'

157 2657 330 2747 veneris,
357 2653 625 2751 &credideris‚
659 2661 757 2752 quod
779 2661 822 2732 ab
851 2653 897 2732 eo
928 2655 1125 2732 institutum
1154 2656 1223 2732 est:

160 2755 316 2850 quinon
336 2753 429 2830 aiirrd
453 2759 516 2833 tibi
543 2761 686 2832 mandat
704 2757 975 2852 inquirendum,
1002 2779 1103 2850 quarn
1124 2757 1233 2851 quod'
1275 2775 1277 2790 ¹

79 2878 84 2890 ·
158 2855 322 2932 instituit.
376 2855 433 2930 De
452 2859 523 2932 hoc
545 2856 685 2953 quidem
705 2859 728 2934 sr
752 2861 828 2952 quis
850 2859 1005 2932 dubitat:
1030 2855 1222 2952 constabit,

46 4147 107 4160 *-

159 2975 274 3054 penes
285 2976 355 3030 nos
373 2955 463 3048 eise,
490 2957 525 3032 id
541 2959 637 3051 quod
655 2981 674 3032 a
690 2957 829 3035 Christo
845 2957 1041 3032 institutum
1056 2955 1116 3032 est.
1167 2957 1232 3032 sn:

161 3053 270 3132 terim
296 3079 342 3130 ex
365 3053 496 3132 fiducia
522 3061 748 3158 probationis
773 3073 990 3154 praeuento,
1028 3057 1224 3156 admonens

163 3155 362 3250 quosdam,
387 3157 473 3232 nihil
493 3158 561 3234 eise
588 3159 833 3252 quarendum,
857 3161 971 3240 ultra,
998 3157 1095 3249 quod
1114 3151 1226 3252 credi·

163 3253 318 3351 derum,
341 3257 379 3330 id
401 3255 494 3355 eise,
523 3260 623 3352 quod
645 3279 802 3353 quaerere
822 3259 1043 3346 debuerunt3
1076 3279 1124 3332 ne
1144 3281 1228 3354 que·

163 3359 230 3427 rire
253 3355 290 3433 (i
317 3361 522 3440 inaniens,
557 3360 632 3440 stne
658 3357 838 3456 disciplina
867 3357 1017 3434 rationis
1051 3357 1226 3455 interpre-

163 3465 299 3531 tentus.

239 3577 294 3630 10.
321 3552 576 3633 Ratio-auten
599 3555 681 3632 disti
702 3557 835 3652 hujus,
865 3556 902 3632 in
927 3551 1042 3630 'tribus
1070 3555 1225 3630 articulis

165 3653 340 3730 constitit.
392 3655 513 3750 lnre,
544 3659 789 3752 intempore,
815 3657 995 3732 innodo.
1044 3655 1161 3730 lnre:
1185 3671 1226 3728 ut

165 3753 250 3848 quid
271 3753 314 3828 iit
338 3757 593 3856 quaerendum,
627 3757 840 3833 consideres.
893 3755 933 3832 ln
957 3771 1149 3850 ternpore,
1186 3769 1226 3828 ut

166 3853 323 3948 quando,
371 3853 413 3936 ln
437 3857 579 3956 modo,
609 3872 652 3938 ut
674 3877 874 3956 quousque.
937 3855 1047 3964 Iginu
1070 3875 1235 4033 offis„
