2540 4334
295 239 371 298 or
420 217 844 302 insinuata
957 225 961 235 '
1044 227 1093 320 m

2 373 3 379 Ν
33 379 272 464 emundationi
286 381 450 458 dominus
464 379 586 460 instat!
603 383 838 480 cuidignatur
849 379 967 478 irasci,
982 403 1090 476 quem
1207 363 1209 371 ¹

32 485 243 560 admonendi
259 483 529 562 diffimulatione
550 505 627 560 non
653 485 806 580 decipit!
837 483 1007 576 Undique
1027 487 1091 584 igi-

31 598 87 658 tur
115 583 266 660 adstritli
295 581 411 658 sumus
441 581 563 660 officio
593 583 774 678 patientiae
801 582 1090 662 adnmistranuae.

30 689 185 784 Quaqua
200 708 244 758 ex
262 697 386 778 parte,
412 697 475 759 aut
488 683 670 760 erroribus
687 681 838 776 nostris,
864 699 925 758 aut
940 686 1021 760 mali
1037 685 1094 784 in·⁴

31 785 146 878 iidiis,
191 799 251 857 aut
278 783 582 860 admonitionibus
609 781 744 858 domini
770 783 967 876 intervenit
993 781 1090 878 ulus,

33 887 105 978 ejus
124 881 232 960 officii
251 905 378 980 magna
401 903 568 976 merces,
607 881 759 957 felicitas
787 882 930 959 scilicet.
983 886 1091 982 Quos
1136 966 1138 975 ¹

32 985 124 1060 enim
141 985 265 1058 felices
283 981 470 1078 dominus,
497 984 560 1058 nisi
574 985 751 1082 patientes
770 984 1015 1077 nuncupavit,
1040 983 1091 1058 di·

34 1085 173 1159 condo:
206 1087 301 1159 Beati
317 1105 466 1183 pauperes
481 1087 625 1179 spiriru,
654 1085 781 1156 illarum
801 1085 840 1182 esi
860 1093 943 1156 raim
966 1107 1094 1180 regnans
1144 1107 1145 1113 ¹

32 1187 182 1257 calorem.
231 1181 364 1258 Nullus
387 1183 554 1282 prosatio
573 1181 698 1278 spiritu
719 1204 875 1278 pauper,
900 1183 961 1258 nili
981 1183 1093 1258 humi·

31 1285 85 1361 lis.
146 1283 239 1384 Quis
265 1285 359 1358 enim
389 1283 558 1380 humilis,
594 1285 657 1360 nis1
678 1281 845 1380 patiens?
882 1285 964 1376 quia
983 1290 1093 1358 neno

31 1384 180 1480 sujicere
202 1381 273 1460 sese
288 1383 430 1484 potest,
454 1385 528 1462 fine
541 1385 658 1482 'prima
677 1385 849 1480 patientia
867 1381 1095 1478 subjeffionis

31 1485 149 1582 ipfiUS.
213 1487 308 1560 Beata·
318 1537 328 1570 ,
353 1485 495 1581 inquit,
521 1485 640 1583 flenter
665 1501 760 1584 atqua
786 1486 936 1580 lugentes.
1001 1483 1094 1578 Quis

9 1649 13 1660 .
33 1587 116 1662 talia
136 1585 211 1661 sine
228 1583 401 1682 patientia
414 1585 573 1659 tolerati
598 1583 723 1680 Itaque
741 1583 871 1658 talibus
891 1583 1096 1658 &advoca

34 1685 142 1762 tio&
166 1683 254 1760 risus
275 1685 512 1780 promittitur.
568 1687 666 1759 Beati
685 1689 787 1758 mira.
840 1681 931 1775 ,Hoc
952 1681 1096 1776 quidem

1 1785 243 1880 ivoeabuio,
277 1785 504 1880 impatientes
536 1803 615 1862 non
646 1785 734 1860 licet
764 1785 916 1860 omnino
949 1779 1095 1858 censeri.

2 1931 3 1946 .
35 1883 123 1961 item
143 1907 228 1960 cum
244 1881 418 1980 pacificos
439 1883 568 1962 eodem
583 1887 693 1960 titulo
711 1883 891 1962 felicitatis
909 1896 1035 1977 notat,
1062 1877 1097 1982 ot

2 1993 3 2064 ἱ
35 1983 127 2060 iiiios
151 1985 225 2058 Dei
248 1997 454 2082 nuncupat,
487 1985 649 2080 nunquid
668 1985 894 2078 impatientes
921 1981 1019 2076 pacis
1039 1979 1097 2080 ad7

38 2081 151 2160 fines?
190 2083 327 2158 Stultus
351 2085 426 2158 hoc
453 2083 606 2162 senserit.
675 2081 767 2160 Cum
790 2105 884 2158 vero
904 2087 1033 2180 gaudete
1058 2079 1098 2159 ul*

2 2219 3 2262 1
41 2185 196 2276 mirare,
220 2183 326 2280 dicit,
352 2190 495 2284 quotiens
517 2211 576 2258 vos
597 2183 780 2258 mauricen
801 2182 842 2262 ὅ
856 2185 1098 2282 persequentur:
1195 2217 1200 2226 ·

37 2307 143 2354 merces
159 2290 245 2356 mim
263 2283 366 2382 vestm
375 2287 516 2384 plurima
536 2291 572 2356 in
588 2287 679 2382 coe103
704 2283 740 2358 id
761 2283 886 2378 utique
903 2285 1099 2358 non'exui·

2 2441 3 2448 Ν
38 2383 183 2460 tatonis
196 2385 428 2479 impatientiae
444 2386 658 2482 pollicetur,
675 2383 757 2477 quia
768 2398 877 2462 nemo
893 2383 930 2456 in
943 2381 1098 2456 adversis

2 2559 3 2564 .
39 2483 241 2576 exultavit,
274 2484 336 2558 nisi
365 2497 448 2560 ante
471 2507 513 2560 ea
537 2479 806 2580 contempserit.
862 2481 988 2560 Nemo
1012 2502 1100 2556 con·

2 2621 3 2664 ;
40 2593 194 2681 temnet,
219 2583 281 2660 uifi
296 2583 503 2682 patientiam
519 2583 672 2683 gefferit
1091 2673 1095 2682 ,

2 2739 3 2748 Ν
113 2705 167 2760 12.
196 2685 310 2786 Quod
324 2683 366 2758 ad
388 2685 483 2780 pacis
499 2685 689 2784 gratissimae
702 2683 788 2760 Deo
804 2681 934 2760 attinet
951 2679 1101 2780 discipli·

2 2841 3 2848 Ν
38 2803 144 2878 nam,
181 2785 260 2878 quis
294 2787 443 2860 omnino
475 2782 705 2882 impatientiae
730 2797 864 2882 natus,
901 2785 961 2860 vei
994 2781 1101 2858 semel

2 2925 3 2964 i
40 2883 199 2980 ignoscet
215 2881 316 2958 fratri
333 2882 423 2960 suo?
447 2905 524 2959 non
541 2885 655 2960 dicam
669 2887 819 2982 septies,
838 2883 896 2959 sed
916 2879 1111 2978 &septuav
1176 2935 1196 2956 ,-

2 3021 3 3066 3
41 2983 113 3080 gies
133 2983 287 3080 septies:
322 2985 399 3078 quis
418 2985 591 3078 judicium
611 3005 693 3058 cum
712 2981 914 3062 adversario
937 2983 1003 3058 suo
1021 2981 1102 3056 diri·

41 3100 146 3180 gens,
170 3085 358 3180 negotium
370 3083 628 3160 convenientia
642 3081 782 3182 solvet,
803 3083 976 3180 niliprins
996 3081 1102 3156 animi

2 3227 3 3236 .
35 3181 229 3278 dolorem,
262 3183 450 3278 duritiam,
485 3183 775 3280 amaritudinem,
807 3205 952 3260 venena
968 3181 1103 3256 scilicet

41 3277 267 3375 impatientiae
289 3279 506 3378 amputari?
540 3287 628 3388 Quo
647 3283 761 3360 modo
782 3288 966 3379 remittes,
994 3283 1102 3358 &re-

2 3425 3 3450 Ν
43 3381 203 3478 mittetur
214 3384 303 3476 tibi,
328 3383 478 3486 sitenax
495 3385 653 3480 injuriae,
679 3405 744 3484 per
760 3385 952 3462 absentiam
964 3385 1101 3479 patien·
1182 3409 1185 3414 ·

2 3525 3 3566 ,
46 3479 246 3558 tiafuerisl
268 3481 390 3560 Nemo
404 3485 597 3562 convulsus
612 3485 815 3562 animumin
829 3483 1101 3578 tranensium,
1211 3499 1214 3506 ’

1 3639 4 3666 ,
46 3595 166 3655 munus
186 3581 280 3678 apud
299 3585 410 3660 altare
423 3581 612 3682 perficiet,
637 3583 700 3658 nili
715 3587 814 3684 prius
831 3583 1103 3662 reconciliando

1 3723 4 3778 ;
35 3665 145 3754 'fratri
159 3683 322 3758 reversus
345 3683 388 3758 ad
405 3686 614 3780 patientiam
631 3683 752 3760 fuerit.
800 3684 863 3759 Sol
888 3681 991 3782 strper
1016 3685 1105 3759 iram

1 3820 4 3870 ,
44 3775 197 3856 nostram
215 3785 240 3859 si
258 3781 456 3880 occiderit,
482 3783 736 3880 periclitamur.
787 3783 879 3860 Non
894 3785 981 3860 litet
998 3783 1105 3860 nobis

1 3923 4 3972 ,
44 3895 116 3954 aaa
131 3877 465 3981 diegfioepatientia
476 3903 631 3968 manere.
684 3882 739 3960 At
755 3885 850 3964 anim
867 3903 949 3962 tum
963 3901 1107 3958 omnem

983 3981 1057 4086 sp,
