2540 4334
187 198 261 290 230
344 189 394 295 Q.
419 185 559 268 Srrr.
583 177 729 266 scor,
755 175 1103 265 Terruerunt
1146 205 1151 213 ·

184 349 260 434 line
275 388 278 393 ·
293 371 412 428 uxore
444 368 522 426 non
547 347 681 446 pollis?
724 345 836 425 Nunc
861 351 895 424 dr
920 347 1145 426 consortium
1167 369 1238 428 ors

185 471 266 532 tum
292 451 571 527 domesticorum
596 449 829 527 necessarium
854 450 915 526 est.
968 450 1074 525 Habe
1100 453 1238 546 aliquam

184 557 342 630 uxorem
374 549 609 647 spiritalem,
627 549 767 626 adsume
799 551 844 626 de
880 551 1029 644 viduis,
1069 551 1142 628 lide
1175 554 1237 652 prl-

135 690 137 697 ’
186 655 335 748 ohram,
368 666 581 748 paupertate
614 653 796 744 dotatam,
833 665 938 740 aetate
961 651 1152 748 fignatam,
1186 657 1236 727 bo

135 831 141 838 ,
184 761 249 832 lras
275 755 418 848 nuptias
445 753 587 829 seceris.
640 751 857 846 Hujusmodi
883 769 1018 824 uxores
1044 754 1153 827 etiam
1177 756 1237 850 plu·

182 859 243 934 res
269 853 393 928 haberi
418 853 503 926 Deo
530 867 670 951 gratum
696 852 755 925 est.
816 849 900 932 Sed
918 851 1166 949 posteritatem
1197 875 1237 927 rc·

186 955 351 1051 cogitant
370 953 576 1046 Christiani,
605 954 731 1046 quibus
756 951 943 1028 crastinum
960 971 1037 1026 non
1059 953 1120 1030 est.
1174 955 1236 1031 Ha·

183 1057 296 1136 redes,
322 1053 394 1127 Dei
428 1051 552 1127 seruus
586 1053 822 1146 desrderabit,
858 1053 919 1144 qui
950 1048 1176 1152 semetipsum
1205 1051 1236 1130 de

184 1153 309 1229 seculo
336 1153 606 1246 exhaeredavit?
631 1151 681 1228 Et
706 1151 792 1228 ideo
818 1156 894 1246 quis
914 1169 1056 1247 repetat
1071 1155 1251 1230 macrino-³

43 1337 60 1352 Q
182 1249 309 1348 nium,
344 1253 370 1328 sr
403 1255 452 1327 de
480 1253 630 1348 pristino
663 1273 739 1328 non
772 1255 904 1328 lrabeat
938 1254 1100 1328 liberos?
1133 1255 1237 1329 Habe

182 1355 241 1428 bit
272 1357 393 1447 itaque
426 1353 501 1426 hoc
530 1356 710 1450 primum,
745 1366 788 1426 ut
820 1352 960 1426 diutius
981 1356 1076 1428 'velit
1106 1355 1237 1448 vivere,

183 1453 263 1547 ipso
291 1451 475 1547 Apostolo
510 1453 699 1528 festinante
726 1453 770 1526 ad
796 1451 1008 1528 dominum?
1051 1451 1165 1530 Certe
1194 1475 1237 1528 ex·

133 1599 135 1602 -
183 1551 413 1651 peditiffimus
451 1557 488 1631 in
520 1553 852 1649 persecutionibus,
891 1551 1186 1631 constantissimus
1212 1555 1237 1628 ir

182 1653 392 1747 martyriis,
442 1651 716 1752 promptissimus
757 1655 795 1727 in
839 1654 1237 1746 communicationibus,

182 1753 516 1848 temperantislrmus
551 1755 590 1828 in
622 1755 941 1846 adquisitionibus,
983 1751 1171 1850 postremo
1205 1753 1251 1838 sol

184 1868 293 1926 curus
318 1855 521 1947 morietur,
560 1853 690 1926 relidis
717 1853 824 1945 liliis,
857 1851 1006 1926 forsitan
1031 1854 1091 1946 qui
1117 1857 1174 1928 illi
1195 1872 1243 1948 pu¹

183 1963 342 2028 rentent.
416 1951 602 2046 Numquid
635 1972 723 2052 ergo
751 1951 955 2046 hujusmodi
982 1951 1018 2026 tc
1045 1953 1251 2048 reipublicel

181 2049 375 2148 prospedlu
401 2067 573 2149 aguntur,
608 2075 653 2126 ne
681 2053 849 2126 civitates
875 2049 1063 2146 deficiant,
1095 2053 1251 2153 srsobop

182 2155 331 2226 lernou
347 2165 603 2240 exerceantur:
628 2167 676 2226 ne
695 2155 812 2251 leges,
834 2175 880 2227 ne
898 2155 996 2246 jura,
1013 2175 1061 2227 ne
1078 2160 1239 2240 commerl

109 2324 117 2342 ,
184 2251 244 2324 c'ia
268 2249 500 2342 delabantur3
538 2273 585 2328 ne
611 2255 745 2347 templa
767 2253 1079 2348 derelinquantur,
1112 2277 1163 2330 ne
1180 2263 1237 2328 nor

182 2351 254 2428 srnt
267 2353 328 2444 qui
342 2353 567 2448 exclament,
586 2351 775 2426 Christiani
796 2351 839 2425 ad
857 2351 998 2428 bestias.
1046 2355 1138 2427 Haec
1163 2355 1251 2450 ertu,

183 2452 309 2528 audire
335 2451 553 2546 defidcrant,
583 2451 644 2544 qui
659 2449 755 2526 filios
775 2441 948 2547 quarunt.
1000 2449 1187 2528 Sufficiant
1208 2439 1251 2648 Ἴ

183 2551 373 2628 consilium
403 2551 588 2626 uiduitatis
622 2555 684 2628 vel
717 2553 805 2640 ista,
838 2554 1017 2648 precipue
1049 2555 1146 2646 apud
1173 2575 1239 2646 not,

143 2706 146 2713 2
181 2651 439 2746 importunitas
464 2651 681 2747 liberorum,
715 2651 758 2726 ad
785 2671 877 2745 quos
903 2649 1147 2746 suscipiendos
1175 2655 1239 2749 legi·

183 2749 253 2826 bus
288 2751 567 2844 compelluntur.
587 2749 775 2844 homines3
820 2753 903 2845 quia
933 2750 1069 2846 sapiens
1104 2757 1240 2849 quisque

183 2869 384 2944 numquam
404 2849 520 2924 libens
545 2849 642 2926 filios
672 2851 902 2928 defiderallet.
964 2854 1063 2953 Quid
1088 2854 1240 2972 ergofa

185 2949 260 3026 cies
295 2950 321 3025 sr
353 2970 492 3024 nouam
524 2969 679 3026 uxorem
715 2951 760 3026 de
795 2966 855 3026 tua
888 2951 1109 3026 conscientia
1135 2951 1240 3050 unple

185 3050 307 3144 veris,
340 3040 509 3124 dissolvas
544 3051 835 3126 medicaminibus
867 3053 1122 3147 conceptum?
1164 3046 1240 3128 Pu'

186 3151 297 3227 nobis
328 3168 408 3222 non
438 3151 549 3248 magis
580 3149 691 3226 licere
723 3152 929 3226 nascentem
958 3173 1112 3246 necare,
1155 3169 1251 3257 qum,

182 3263 330 3342 natum,
363 3245 422 3322 sed
453 3247 601 3323 forcalle
633 3249 699 3324 illo
731 3263 897 3344 tempore
922 3253 1141 3349 pregnantis
1168 3269 1245 3330 uro

182 3345 255 3442 ris,
287 3345 484 3425 remedium
509 3361 610 3423 tanta
634 3347 906 3434 solicitudine-a
931 3349 1019 3426 Deo
1044 3365 1177 3446 petere
1201 3364 1243 3428 dl·

183 3449 318 3542 debis,
352 3447 451 3542 quod
475 3447 513 3522 in
538 3461 577 3524 te
601 3448 756 3544 positum
780 3448 978 3525 recusaffit
1015 3450 1157 3550 Aliqua
1184 3448 1244 3548 opi

182 3567 256 3624 nor
286 3545 412 3624 sterilis
446 3543 712 3646 prospicietur,
749 3551 812 3625 vel
839 3551 912 3644 iam
935 3547 1145 3648 ‘frigidioris
1181 3567 1251 3650 ate,

99 3727 104 3736 ⁸
182 3649 244 3740 tis.
311 3645 402 3720 Satis
435 3645 632 3746 consulte,
668 3647 702 3724 dr
734 3650 897 3744 inprimis
931 3648 1098 3726 fideliter.
1169 3651 1251 3762 Nulp

38 3739 98 3844 μ’
181 3745 256 3826 lam
289 3749 387 3833 enim
422 3749 601 3828 credimus
636 3745 735 3854 Deo¹
760 3751 918 3828 uolente
959 3748 1153 3847 sterilem,
1188 3758 1251 3858 ,μή

24 3877 25 3880 ¹
72 3899 74 3904 ,
652 3883 661 3892 ·
1018 3889 1025 3902 ·
1096 3871 1211 3930 autur
