2596 4346
399 133 799 253 ‚Carnutum
937 86 940 102 Ι
1012 151 1016 162 ·
1089 157 1157 228 727

98 295 258 376 Exhihet
268 299 397 389 uxori,
423 297 511 372 bino
527 299 590 392 qui
602 299 759 396 germine
773 295 884 373 faetus
1037 363 1039 368 .

99 397 286 472 Continuo
305 398 469 494 genitor,
496 397 641 474 diverfis
662 413 846 490 nuncupat
863 395 968 472 orbs:
1183 470 1193 490 ,

96 496 219 590 Atque
241 495 329 571 Cain
349 497 408 572 hic
427 520 561 574 nomen
578 499 707 590 habet,
734 497 789 570 cui
807 495 947 589 junitus
967 491 1125 572 abelus„

94 595 276 672 Innocuas
291 597 394 690 hujus
410 595 575 674 servabat
592 619 675 670 cura
691 597 868 690 bidentes,

94 693 164 768 Ast
181 697 267 770 alius
284 717 400 770 curvo
413 711 544 770 terram
562 697 729 770 vertebat
743 709 875 771 aratro.

94 795 142 869 Hi
163 817 244 886 orm
262 809 438 890 perpetuo
454 789 591 872 sen-'ent
610 795 668 870 sua
684 797 780 868 dona
792 793 970 892 Tonanti,

91 893 281 972 Diffimiles
298 893 432 970 frustus
452 896 549 970 sensu
570 896 737 970 suadente
755 896 896 970 dedere.

93 991 191 1070 Nam
206 996 305 1089 prior
319 995 488 1070 uberibus
509 995 651 1070 fuerant
668 1015 745 1088 quae
759 993 900 1088 prosata
915 994 1027 1092 glebis

95 1091 264 1168 Obtulit:
290 1093 340 1170 ast
358 1096 444 1170 alius
464 1098 540 1170 miti
560 1093 593 1170 se
613 1096 779 1170 devovet
798 1116 905 1192 agno,

94 1191 192 1268 Exta
217 1215 324 1268 manu
345 1193 479 1272 sincera
494 1217 642 1293 gerens,
667 1194 912 1288 adimpemque
929 1193 1104 1270 nivalem:
1133 1245 1138 1254 -
1202 1245 1208 1254 ·

95 1291 364 1388 Confestimque
381 1295 501 1390 piacet
517 1295 679 1370 Domino
695 1295 753 1390 pia
770 1309 860 1366 vota
876 1295 1003 1370 tuenti.
1138 1295 1142 1304 '

93 1391 208 1496 Quod
229 1406 379 1487 propter
392 1395 506 1502 gelida
527 1393 614 1467 Cain
635 1393 817 1468 incanduit
834 1394 897 1470 ira.

90 1495 213 1665 guem
229 1493 329 1568 Deus
347 1495 506 1587 alloquio
529 1491 712 1591 dignatus,
731 1493 866 1580 „talibus
883 1487 982 1567 infit:

128 1591 283 1688 icmibi,
308 1591 486 1670 strettun
499 1595 624 1686 vivas,
652 1593 813 1668 &noxia
831 1603 969 1684 cernas,

93 1689 240 1788 Degere
253 1711 330 1766 non
347 1693 452 1788 pollis
465 1691 651 1767 contraito
666 1715 685 1765 a
702 1693 848 1764 crimine
865 1687 1000 1784 purusi
1134 1698 1140 1719 ⁹

89 1787 220 1864 Desme
237 1789 397 1866 mordaci
413 1792 559 1868 fratrem
579 1787 777 1885 disperdere
797 1789 914 1864 sensu:

89 1889 165 2062 gui
182 1889 249 1964 tibi
266 1911 334 1966 ceu
349 1889 512 1967 Domino
527 1889 700 1986 subjeitus
720 1892 815 1964 colla
834 1891 992 1966 daturus.

130 2007 173 2064 ec
190 2003 310 2064 tamen
328 1991 382 2066 his
402 1989 555 2085 stadius,
581 1991 726 2066 fratrem
747 1989 892 2064 deducit
912 1989 955 2062 ad
974 2008 1074 2085 arva,
1136 2003 1141 2016 '
1209 2075 1216 2092 ι

89 2085 212 2180 Atque
227 2089 288 2162 ubi
307 2087 516 2186 deprensum
531 2087 670 2164 deserto
684 2091 720 2164 in
735 2096 891 2188 gramine
907 2089 1012 2186 vidit,
1137 2143 1141 2150 -

90 2184 204 2263 Elidit
216 2190 365 2286 geminis
383 2189 549 2266 fraudans
569 2193 627 2286 pia
641 2203 786 2288 guttura
801 2191 936 2282 palmis.
1149 2263 1153 2269 .

22 2315 26 2324 ’
90 2286 203 2388 Quod
219 2287 348 2366 aetum
361 2289 541 2366 Dominus
558 2289 653 2364 celso
670 2287 868 2383 speculatus
889 2291 931 2362 ab
947 2290 1038 2385 alto,

87 2385 292 2484 Disquirit‚
319 2411 476 2482 quonam
493 2404 667 2463 terrarum
682 2389 788 2484 degat
802 2387 969 2460 Abelus?
1250 2385 1255 2394 '

86 2485 151 2562 lile
165 2503 272 2585 negat
286 2490 442 2582 pofitum
457 2487 640 2564 custodem
654 2486 688 2562 se
702 2485 784 2562 sore
797 2486 928 2561 fratris.

88 2583 157 2662 Cui
176 2587 275 2662 Deus
293 2588 440 2665 effatur:
466 2589 647 2676 Numnam
663 2609 741 2662 vox
763 2585 937 2683 sanguinis
957 2586 1033 2678 ejus

84 2685 147 2760 Ad
162 2709 219 2762 me
233 2687 329 2782 milia
342 2689 464 2782 sonat,
491 2687 691 2782 celsumque
710 2685 867 2778 ascendit
884 2687 926 2758 ad
945 2681 1074 2761 axem?

86 2783 210 2860 Nosce
227 2787 334 2884 igitur
350 2787 510 2866 mansura
528 2789 592 2862 tlbi
610 2807 677 2883 pro
699 2789 846 2872 crimine
863 2800 983 2860 tanto:

84 2883 182 2964 Nam
197 2888 310 2962 modo
331 2909 408 2980 quae
425 2887 559 2962 maduit
575 2887 732 2986 germani
748 2885 915 2981 sanguine
930 2899 1049 2982 terra²

86 2983 208 3060 Inviso
230 2987 412 3062 maledieta
430 2989 496 3062 tibi
514 2983 694 3060 commissa
710 2986 854 3081 negabit

51 3093 55 3101 '
78 3083 244 3178 ¹Semina,
272 3085 498 3182 &affirmptis
515 3083 667 3160 frustum
687 3105 764 3158 non
784 3081 1095 3177 proferevherbis.
1123 3135 1126 3144 .

86 3181 330 3280 Turpidusut
345 3189 464 3290 multo
479 3187 653 3260 collidens
672 3185 830 3282 membra
846 3199 1015 3256 tremore.
1131 3257 1140 3268 ,

94 3345 1142 3406 m&
1175 3393 1178 3402 .

274 3472 951 3712 unsossoua

89 3815 119 3872 1.
183 3815 237 3868 aro
252 3793 352 3876 Deus
371 3797 601 3888 omnipotens
619 3795 778 3888 primaevi
798 3773 962 3884 tempora
980 3787 1076 3884 secli,

134 3797 179 4012 J
209 3896 361 3970 Vindice
384 3895 544 4001 diluvio,
567 3891 699 4068 czurzrdiis
721 3897 935 3975 aboleverat
953 3889 1094 4088 ungis1318

536 4057 538 4062 -
661 4016 687 4084 4
