2586 4334
105 67 111 82 ¹
147 119 221 208 584
285 111 333 210 Q.
352 95 495 186 'Stin
521 46 1062 215 Etot.Tuununttnu1

88 317 92 328 -
178 339 188 358 t,
223 289 283 364 45.
308 269 379 346 sed
399 269 433 344 u
454 267 571 372 rursuo
596 271 663 344 alia
688 270 849 344 cecitate
869 271 1018 360 inditos
1041 269 1214 346 nominee
1239 279 1245 286 '

80 455 85 464 ,
140 371 358 468 impingunt,
383 371 421 443 in
437 383 600 446 veterem
617 369 705 444 &in
724 391 885 460 novunm
912 379 1085 446 monente
1104 367 1213 463 Apo·
1264 422 1270 430 .

145 467 265 563 stulu,
298 472 444 568 &ponere
468 473 525 543 mos
544 489 682 542 veterum
702 469 880 558 hominem,
916 477 972 568 qui
995 476 1213 567 corrumpitur

46 575 52 590 ‘
141 589 202 670 ptr
215 567 705 668 concupiscentiamsedufiiomis,
729 577 881 643 renouari
892 589 997 642 autem
1006 571 1128 666 spiritu
1133 571 1213 671 sett-

140 673 219 764 sus,
245 669 559 748 &intumentum
574 673 730 744 hminem
749 676 807 770 qui
823 671 990 758 [cetimum
1012 675 1112 742 Deum
1135 695 1212 744 cott-

65 845 67 848 ,
146 772 234 852 iiius
245 769 315 942 μ,
343 769 538 870 injustitia,
564 769 603 850 o
622 773 767 866 reiigione
783 775 954 843 veritatis:
982 784 1024 842 ut
1043 771 1078 843 ἃ
1091 769 1152 844 hic
1165 767 1214 844 ad

49 901 51 909 ·
147 869 234 946 duas
259 869 451 944 ubstantias
462 867 731 968 distinguendo,
757 869 1034 944 vetustatem-ad
1049 881 1213 964 caman,

146 969 353 1046 novitatem
374 970 417 1044 ad
430 969 602 1062 animam,
629 971 901 1063 corruptionem
916 984 1126 1064 perpetuam
1147 991 1215 1042 ve·

146 1069 216 1144 teri
234 1068 420 1162 defendat,
445 1069 481 1142 id
499 1068 550 1142 est
564 1071 670 1144 carni.
719 1069 857 1160 Porro,
883 1067 1114 1144 fisecuudum
1131 1067 1214 1141 sub·

145 1167 314 1263 stantius,
347 1187 425 1242 nec·
441 1169 554 1242 anima
580 1189 700 1256 novus
725 1169 866 1262 homo,
903 1169 984 1262 quia
1009 1165 1213 1260 posterior:

146 1287 217 1354 nec
239 1289 323 1341 caro
347 1268 432 1341 ideo
453 1265 580 1360 vetut,
607 1267 688 1360 quia
709 1269 819 1360 prior.
872 1265 1094 1369 Quantulum
1111 1267 1213 1342 enim

147 1369 322 1461 temporis
344 1365 448 1440 -inter
471 1387 614 1442 manum
634 1367 706 1440 Dei
727 1366 767 1440 &⁴
788 1365 983 1440 adflatum?
1029 1365 1134 1438 ausim
1157 1366 1213 1438 di-

147 1487 258 1558 cere,
297 1465 403 1540 etiam
429 1465 454 1539 fi
477 1469 593 1539 multo
617 1469 718 1562 prior
745 1468 859 1540 anima
886 1487 990 1558 quam
1015 1485 1126 1563 caro,
1158 1486 1213 1540 eo
1241 1537 1245 1546 ,

145 1565 159 1640 i
186 1564 223 1638 so
242 1565 339 1658 quod
357 1565 470 1660 anima
493 1566 630 1660 impleri
652 1565 686 1640 se
707 1565 931 1658 expectavit,
956 1566 1113 1659 priorem
1130 1585 1215 1642 eam

145 1588 246 1740 'izcit
299 1659 426 1740 Omnis
441 1665 535 1740 enim
549 1661 807 1758 consummatio
825 1663 1217 1762 atqueperfeuio,eo1

147 1764 275 1838 ordine
288 1761 488 1857 postumat,
506 1763 830 1857 effeouanticipat.
884 1765 999 1862 Magis
1013 1765 1214 1860 illudprius

146 1863 226 1958 est,
260 1863 332 1939 sme
359 1883 432 1955 quo
459 1865 581 1956 priora
607 1885 683 1938 non
710 1863 865 1958 posunt.
925 1864 962 1938 Si
985 1885 1070 1938 caro
1101 1875 1217 1937 vetus

130 1955 290 2058 immo,
321 1961 465 2054 quando
484 1960 599 2034 istud?
636 1985 657 2034 a
677 1962 906 2057 primordio?
940 1965 1058 2056 atqui,
1091 1960 1233 2038 Adam·

6 2119 14 2128 .
144 2077 268 2153 nouus
288 2073 416 2153 totus,
444 2059 542 2134 &ex
564 2081 668 2133 novo
691 2075 797 2138 vetus
817 2083 937 2140 nemo.
988 2061 1215 2136 Numitex-

6 2195 11 2212 =
82 2205 84 2210 ,
133 2156 230 2234 inde
246 2181 266 2232 a
281 2158 531 2234 benedictione
547 2158 737 2256 geniture,
764 2183 849 2234 caro
863 2175 969 2256 atque
983 2161 1216 2237 animastmul

145 2257 240 2336 fiunt
260 2259 332 2334 stne
357 2257 497 2332 calculo
522 2261 725 2354 temporis,
761 2277 801 2335 ut
820 2283 898 2355 quae
922 2263 1020 2338 simul
1041 2264 1077 2334 in
1100 2278 1214 2336 utero

145 2359 255 2434 etiam
276 2357 513 2453 seminantur,
547 2361 645 2452 quod
670 2360 856 2435 docuimus
883 2364 920 2435 in
948 2363 1214 2448 commentario

147 2457 299 2550 animae;
332 2472 608 2551 contemperant
631 2457 751 2554 futu,
787 2475 942 2539 coaetant
966 2475 1079 2553 natu,
1118 2460 1213 2538 duos

144 2557 232 2631 istos
252 2557 417 2633 homines
438 2555 519 2632 sane
538 2577 583 2632 ex
602 2556 792 2633 substantia
816 2561 971 2654 duplici,
995 2581 1071 2632 non
1091 2571 1215 2659 temen

86 2726 94 2744 ,
141 2657 182 2730 ·&
200 2671 307 2731 aetate
328 2657 376 2753 stc
395 2677 505 2730 unum
523 2659 657 2752 edunt,
689 2659 771 2732 dum
794 2658 894 2752 prior
915 2673 1041 2734 neuter
1067 2658 1137 2760 est,
1170 2674 1218 2734 ut

146 2755 252 2830 citius
271 2755 344 2848 est,
373 2769 476 2830 totos
494 2779 562 2830 nos
582 2771 643 2831 uut
660 2761 803 2832 veteres
818 2774 879 2832 aut
891 2781 1013 2832 novos
1032 2757 1121 2852 effe,
1143 2779 1217 2852 qua

146 2856 242 2935 etnim
256 2857 404 2933 alterum
418 2857 605 2949 ponimus,
626 2856 695 2933 effe
709 2857 893 2932 nescimus.
928 2858 998 2930 Sed
1009 2857 1212 2952 Apostolus

21 2975 26 2982 ’
144 2969 311 3030 veterem
324 2957 508 3032 hominem
522 2955 704 3030 manifeste
723 2972 839 3031 notat.
894 2959 1026 3053 Expone
1041 2967 1140 3044 enim,
1159 2959 1215 3032 in·

146 3055 250 3148 quit,
271 3057 440 3146 secundum
449 3059 615 3154 pristinam
628 3057 892 3154 tmvtrsotimem
905 3075 1040 3130 veterem
1055 3063 1217 3130 hominem

144 3173 224 3228 non
251 3151 443 3230 secundum
474 3157 620 3248 alicujus
647 3153 843 3230 substantiae'
871 3157 1014 3234 senium.
1080 3157 1216 3250 Neque

139 3253 241 3328 enim
262 3257 405 3328 carnem
427 3255 589 3348 precipit
610 3255 855 3349 deponamus,
882 3253 941 3330 sed
968 3279 1047 3350 quae
1073 3257 1216 3331 &mibi
1286 3265 1287 3272 '

146 3353 300 3425 carnalia
318 3351 493 3444 ostendit,
520 3353 651 3450 opera,
679 3376 754 3428 non
773 3377 931 3450 corpora
951 3357 1138 3451 accusans,
1165 3349 1214 3432 'de

145 3451 273 3543 quibus
290 3451 324 3524 &
341 3453 400 3526 hic
414 3451 570 3546 subjicit:
605 3456 789 3550 deponentes
805 3459 1018 3544 mendacium,
1041 3461 1215 3557 loquimini

55 3601 62 3616 ,
144 3555 316 3623 ueritatem
336 3556 549 3652 unusquisque
567 3555 608 3626 ad
619 3561 798 3649 proximum
812 3560 930 3655 suum,
950 3563 1099 3656 quoniam
1118 3583 1217 3629 mem·

145 3650 202 3722 bro
216 3651 412 3726 alterutrum
421 3653 541 3740 sumus,
592 3655 773 3744 Irascimini
788 3675 915 3741 auten,
930 3656 975 3746 (5
995 3658 1096 3728 nolite
1110 3659 1218 3730 delict·

143 3773 249 3850 quere.
299 3748 354 3825 Su
366 3775 434 3826 noo
448 3755 567 3826 occidat
575 3757 669 3852 super
686 3758 886 3829 iracundiam
899 3757 1046 3854 vestram.
1099 3759 1218 3856 Netum

157 3859 159 3864 ’
1033 3889 1046 3906 ³
1077 3857 1165 3927 dede·
