2536 4336
164 207 239 308 386
303 203 356 306 Q.
377 200 683 312 Srsr.,:l⁴'toa.
708 197 1079 282 sannuncurt

162 385 251 448 rem.
302 355 409 443 Hanc
428 365 537 462 igimr
554 353 625 441 elle
641 381 750 440 ovem
767 363 964 459 perditam,
989 364 1034 440 sd
1046 383 1158 458 quam
1176 367 1230 446 de

163 463 343 545 scanderit
362 477 469 560 pater
483 461 591 540 summ
686 463 812 538 Simon
828 461 988 558 scilicet,
1023 463 1232 562 &primm
1261 539 1264 564 ,

160 579 378 662 recuperata
391 587 433 639 ea
447 562 481 636 ἃ
496 583 587 638 reve
681 559 778 641 escio
792 565 948 638 humeris
962 585 1007 640 an
1023 563 1226 666 feminibus,
1263 569 1264 572 ‘

165 665 297 742 exinde
312 663 358 760 ad
373 665 557 738 bominum
571 661 766 757 respexerit
782 663 950 757 salutem,
967 665 1060 758 quast
1075 684 1144 760 per
1157 669 1228 762 uin·
1252 728 1256 734 .

166 765 294 842 stoan
323 761 589 838 liberandorum
620 783 665 836 ex
688 763 759 836 illis
783 763 950 859 angelicis
975 763 1228 864 potestatibus,

166 867 294 958 quibus
310 861 471 938 mllendis
495 861 622 956 &ipse
641 859 885 958 configuratus
904 883 1004 958 aque
1023 865 1231 947 hominibus

166 965 203 1040 u
223 964 406 1039 hominem
425 961 636 1054 ementitus,
663 965 702 1035 in
720 959 841 1057 Judaea
861 961 1003 1055 quidem
1027 959 1168 1058 filium,
1193 967 1242 1044 iu·

165 1063 320 1142 Samaria
333 1081 426 1138 vero
442 1076 579 1154 patrem
591 1055 743 1158 gesserit
795 1059 831 1136 Ο
844 1061 1017 1136 Helenam
1031 1063 1129 1139 inter
1144 1085 1230 1158 poe·

91 1235 92 1238 γ
164 1177 221 1236 tas
243 1164 278 1238 dt
301 1162 490 1238 hereticos
512 1162 762 1254 laborantem,
795 1174 882 1234 tunc
905 1160 1106 1256 adulterio,
1134 1183 1230 1240 nunc

137 1261 142 1274 '
163 1261 302 1356 stupro.
310 1260 498 1352 infamem,
524 1261 585 1332 nili
608 1261 707 1352 quod
727 1259 774 1336 de
789 1259 905 1351 Troja
924 1261 1114 1358 gloriosrus
1139 1267 1230 1347 erui·

164 1374 228 1437 tur
251 1355 353 1454 quarn
377 1359 422 1434 de
441 1359 624 1454 lupananti,
649 1361 746 1436 mille
767 1359 921 1434 navibus
939 1357 1139 1456 deTroja,
1165 1384 1231 1440 nec

163 1460 262 1539 nrille
285 1457 438 1541 denariis
459 1457 607 1534 forsitan
625 1459 670 1536 de
686 1459 855 1555 lupanari.
905 1453 1086 1536 Erubesce
1103 1463 1232 1544 simas

165 1561 305 1634 tardior
326 1559 365 1654 im
388 1559 633 1652 requirendo,
659 1557 920 1635 inconstantior
941 1561 978 1634 in
997 1562 1231 1642 remanendo,

74 1695 78 1710 ·
155 1657 221 1734 att
237 1655 425 1734 Menelaus
442 1657 557 1734 statim
579 1659 772 1752 insequitur
793 1655 965 1751 annuam,
995 1657 1114 1736 statim
1129 1684 1231 1756 repe

163 1758 213 1836 o't
226 1771 416 1853 ereptam,
452 1757 603 1832 decenni
621 1759 743 1854 praelio
762 1770 977 1852 extorquet,
1002 1779 1079 1834 non
1097 1761 1229 1858 latens,

163 1879 243 1935 non
260 1857 409 1951 fauens,
428 1879 505 1930 non
521 1859 803 1936 cavillabundus.
854 1857 999 1932 Vereor
1015 1861 1141 1936 neille
1160 1883 1228 1944 ma·

163 1957 218 2053 gis
236 1970 338 2049 pater
355 1957 489 2048 suerit,
515 1959 574 2049 qui
591 1957 846 2040 circaHelersae
861 1961 1179 2051 recuperationem
1198 1961 1231 2036 dc

164 2057 371 2150 vigilantius
394 2053 629 2130 &audentius
648 2055 684 2130 dt
700 2057 831 2134 diutius
845 2057 1075 2133 laboraverit

243 2173 301 2245 35.
326 2151 397 2227 Sed
417 2173 493 2230 non
517 2155 584 2228 tibi
600 2155 667 2230 soli
684 2155 995 2251 metempsychosis
1013 2157 1108 2232 hanc
1129 2159 1231 2236 fabo

165 2253 237 2327 lam
261 2251 454 2345 instruxit,
486 2253 570 2328 inde
604 2256 712 2330 etiam
736 2253 974 2351 Carpocrates
997 2256 1114 2333 utitur
1139 2259 1229 2354 pari·

165 2365 224 2426 ter
249 2349 403 2446 Magus,
428 2355 561 2448 pariter
586 2353 823 2449 fornicarius,
852 2355 914 2430 atss
931 2353 1073 2432 Helena
1096 2359 1226 2438 minut

165 2449 331 2551 Quidni?
357 2473 440 2526 cum
454 2468 605 2546 propter
617 2456 857 2530 omnimodam
869 2455 1048 2528 divina&
1064 2457 1228 2538 humana

41 2643 49 2652 „
136 2607 139 2610 -
163 2549 355 2644 disciplinae
370 2553 593 2630 eversionem
607 2554 889 2628 constituendam
904 2557 1136 2649 recorporari
1157 2559 1228 2634 ani·

162 2669 241 2726 mas
258 2651 533 2728 adseveraverit.
571 2651 674 2727 Nulli
687 2655 780 2728 enim
795 2655 909 2726 vitam
923 2651 1116 2730 istamrato
1132 2653 1227 2754 fieri,

162 2749 229 2822 nis1
245 2751 438 2842 univerfis,
457 2773 535 2842 quaa
552 2765 706 2849 argtsunt
722 2775 816 2844 eam,
834 2749 1037 2845 expunctis:
1061 2775 1134 2848 qua
1148 2777 1225 2834 non

163 2861 293 2928 natura
312 2849 397 2940 quid
413 2853 541 2924 malum
564 2853 759 2947 habeatur,
785 2851 845 2926 sed
861 2852 1048 2948 opinione.
1098 2853 1225 2948 ltaque

162 2945 485 3040 metempsychosm
497 2951 686 3025 necessarie
702 2953 904 3043 imminere,
923 2951 1040 3026 finon
1053 2951 1093 3026 in
1106 2958 1225 3047 primo

168 3067 314 3141 quoque
335 3049 420 3120 vitae
438 3050 542 3142 hujus
567 3065 770 3126 commeatu
789 3053 955 3128 omnibus
968 3051 1112 3126 inlicitis
1130 3053 1226 3135 satir·

162 3141 240 3224 fiat.
289 3144 435 3220 Scilicet
454 3147 616 3222 facinora
638 3153 771 3224 tributa
795 3151 875 3226 sunt
895 3151 994 3226 vitae.
1053 3149 1226 3232 Ceterum

163 3248 303 3320 totiens
321 3247 468 3348 animam
481 3251 649 3324 reuocari
663 3250 810 3344 habere,
825 3251 992 3343 quotiens
1005 3249 1123 3326 minus
1140 3253 1227 3348 quid

164 3343 350 3440 intulerit,
375 3347 635 3438 reliquatricem
657 3347 892 3442 delislorum,
919 3350 1038 3424 donec
1060 3351 1227 3438 exsolvat

163 3445 389 3520 novillimum
406 3447 657 3542 quadrantem,
684 3443 824 3523 detrusa
840 3449 1035 3524 identidem
1052 3451 1090 3524 in
1107 3471 1227 3528 carce·

162 3555 240 3612 rem
259 3547 437 3635 corporis.
488 3545 570 3620 Huc
594 3551 686 3622 enim
704 3561 881 3644 temperat
896 3563 1012 3624 totam
1027 3549 1126 3628 illam
1142 3553 1227 3628 alle·

161 3640 300 3734 goriam
316 3639 466 3718 Domini
485 3649 591 3720 certis
607 3649 967 3743 interpretationibus
985 3649 1226 3746 relucentem,

162 3735 200 3810 dr
220 3737 337 3832 primo
360 3743 501 3832 quidem
522 3745 724 3842 srmpliciter
741 3748 1017 3846 intelligendam.
1069 3748 1169 3828 Nam
1187 3749 1227 3826 δι

161 3836 327 3914 ethnicus
340 3835 454 3918 homo
469 3843 685 3925 adversarius
699 3847 821 3925 noster
834 3847 905 3945 est,
927 3847 1152 4030 mmmmm
1166 3871 1224 3928 ea·

211 3996 213 4006 .
1131 3971 1169 4030 n
