2596 4346
424 211 769 294 canutum
985 191 1243 338 ΙΙμί’,

70 375 296 472 infernisque
307 378 410 474 patus
424 379 581 456 candens
595 377 783 454 ardoribus
798 389 916 453 attur.

68 475 214 556 intonat
229 477 408 556 horrificis
426 479 563 554 facinus
579 481 716 574 poenaie
734 479 892 572 caminia,
911 545 914 560 ,

68 579 238 673 Aestuat,
266 579 451 672 &rapitur
469 581 546 653 lato
564 581 611 654 de
629 579 773 657 vortice
789 576 951 670 numme,

66 679 110 754 ln
126 693 307 755 tormenta
321 701 429 754 ruens
443 675 670 772 nutuque&
685 679 826 776 gurgite
839 676 950 770 sevo,

66 775 229 852 ‘stubida
243 779 386 854 coenoso
404 779 519 854 fundo
537 779 703 854 miscetur
722 779 864 851 harena.

67 875 150 953 Huc
168 877 315 972 captiva
327 901 474 976 gemens
490 880 653 954 mittetur
668 879 772 950 turba
786 878 976 970 maletum,

68 977 306 1071 Arsurumque
325 979 446 1072 nefas,
473 975 632 1054 scelerati
654 977 818 1070 corporis
831 997 974 1072 agmen:

66 1075 219 1176 Magnus
234 1083 385 1176 plangor
403 1081 469 1180 ibi,
495 1079 608 1152 ludius
623 1071 783 1152 sociante
796 1075 935 1170 boatu*

67 1175 115 1252 Et
130 1177 260 1252 stridor
274 1179 438 1272 rabidus,
455 1172 611 1254 ululatus
627 1177 760 1252 &inde
776 1177 973 1258 dolentum„

67 1273 252 1376 Exurgent
267 1278 485 1372 flammaeque
501 1281 651 1374 procui,
678 1294 847 1368 artusque
863 1275 1001 1371 sonori,
1108 1271 1115 1297 ¹

67 1375 84 1452 s
107 1378 159 1450 nis
173 1374 392 1472 inardescet,
412 1382 638 1474 gemitusque
653 1377 791 1452 seretur
807 1376 849 1448 ad
867 1393 987 1450 auras:

103 1497 172 1550 unc
189 1479 341 1554 humma
358 1479 439 1550 mali
453 1480 588 1572 pendet
598 1473 779 1552 commissa
791 1493 973 1572 propage,

67 1575 288 1670 incipietque
302 1573 378 1652 suas
395 1578 438 1650 ad
454 1579 581 1652 coelum
596 1577 747 1659 tendere
759 1577 908 1668 palmas,

66 1673 114 1750 Et
129 1677 328 1752 Dominum
342 1691 430 1750 tunc
445 1673 544 1750 nosse
560 1680 687 1770 volet,
711 1691 817 1767 quem
832 1671 932 1748 nosse
945 1673 1100 1752 volebat

65 1773 185 1850 Antea
202 1797 301 1870 non,
325 1797 409 1850 cum
425 1775 525 1850 nosse
541 1777 608 1850 iilis
627 1769 725 1849 soret
739 1777 827 1848 utile
843 1789 1004 1870 tempus:

63 1873 141 1952 Illic
161 1879 309 1968 quisque
327 1873 394 1950 suae
411 1871 644 1970 profitebitur
660 1871 771 1948 effera
790 1878 889 1968 vitae,

65 1973 301 2070 lnjusstasque
319 1997 463 2070 manus,
491 1973 637 2050 &saevae
651 1974 954 2067 criminamentie,

65 2073 333 2169 Horrescetque
351 2075 418 2150 suae
436 2097 514 2171 quae
530 2077 680 2150 noverit
700 2075 807 2168 impia
826 2073 922 2150 vita.
1014 2094 1016 2103 ’

62 2169 292 2272 Jamprit‘num
310 2177 514 2269 quicunque
526 2173 646 2253 Deum
661 2175 753 2250 male
772 2169 917 2248 senserit
929 2179 1026 2258 ante.

64 2273 114 2348 Et
131 2295 221 2372 vaga
234 2279 388 2350 mentito
408 2273 573 2350 coluisset
587 2275 732 2348 numine
744 2269 837 2366 saxa,

65 2371 190 2468 Atque
207 2371 432 2448 cruentiferis
447 2377 551 2472 signis
566 2372 758 2448 sectaverit
777 2389 868 2466 aras,

63 2469 114 2548 Et
126 2473 316 2570 picturatas
337 2473 455 2548 timuit
468 2475 540 2550 sme
558 2491 653 2547 voce
670 2466 813 2570 figuras,

64 2571 124 2647 Ac
142 2573 216 2649 falsi
232 2587 360 2648 tenues
374 2588 566 2648 veneratus
587 2569 739 2674 numinis
756 2575 916 2646 umbrare

64 2669 114 2746 Et
131 2691 367 2768 quoscunque
383 2677 494 2750 mulus
515 2667 654 2748 seduxit
668 2674 835 2767 protinus
852 2683 968 2745 error.
1085 2741 1088 2748 ,

64 2771 194 2866 Siquis
215 2775 352 2848 adulter
369 2790 463 2854 etat,
488 2775 512 2850 st
532 2789 638 2846 natos
655 2772 735 2846 ense
749 2785 909 2864 necarat,

62 2867 100 2946 Si
114 2885 241 2968 raptor
252 2869 418 2971 grassatus
435 2887 533 2968 erat,
560 2874 585 2948 fi
601 2872 725 2946 fraude
742 2873 890 2944 clienter

62 2971 281 3066 Distulerat‚
306 2975 331 3048 s1
347 2987 469 3048 mente
484 2991 609 3067 parum
626 2966 785 3044 versatus
804 2971 931 3043 amita:

63 3071 152 3148 Sive
166 3072 243 3148 suas
262 3073 447 3148 hominum
461 3073 654 3146 mactdarat
669 3067 836 3166 sanguine
851 3071 998 3164 palmae,

61 3171 309 3248 Miscueratve
323 3167 500 3246 latebrosa
518 3173 542 3246 st
559 3185 679 3246 m'orte
696 3187 891 3244 venenum:

61 3271 145 3348 Aut
160 3273 185 3347 si
203 3267 351 3346 uestitus
369 3269 541 3347 scelerato
559 3264 823 3368 periuratum,

60 3375 152 3450 Sive
167 3375 263 3447 malo
282 3371 447 3467 alterius,
472 3373 576 3445 lucro
594 3367 818 3468 &gaudebat
833 3365 968 3461 iniquo·

61 3471 221 3548 Admisit
233 3473 435 3566 quicunque
449 3471 549 3546 nefas
568 3471 810 3564 quodcunque
826 3469 1016 3564 maiorum,

60 3573 195 3672 Ingens
212 3571 432 3664 ardorem,
460 3583 566 3664 atque
580 3573 670 3668 ignis
686 3567 872 3662 torquebit
885 3585 1036 3649 amarus,

59 3665 1107 3768 &mmmmmmmmmmmmfimmmffli'

57 3773 221 3849 Plurima
239 3773 285 3846 ste
300 3771 485 3848 hominum
504 3785 717 3869 moerentum
733 3767 838 3844 turba
848 3767 991 3862 jacebit.

118 3891 177 3950 11.
204 3869 290 3946 Hoc
305 3871 447 3966 quoties
465 3870 551 3946 olim
568 3866 671 3944 santii
688 3871 852 3944 cecinere
866 3871 1068 3965 prophete,

58 3964 172 4052 Flatu
190 3967 328 4070 &sepe
339 3972 410 4058 Dei
423 3971 554 4052 moniti
570 3973 692 4048 dixere
708 3969 841 4068 futura,

116 4065 363 4164 Terrasidius.
381 4077 426 4152 11.
665 4067 731 4182 22·
897 4079 902 4090 ’
949 4065 1074 4146 Nemo
