2638 4342
140 211 213 288 poe
274 175 652 293 odoranda„
677 189 1047 270 Ttarutulaut
1177 165 1179 170 ⁵

63 416 66 425 .
136 351 268 450 Aspice
284 373 349 445 per
361 351 543 444 speculum
556 351 723 450 fulgentis
741 353 881 426 luminis
896 355 1069 448 umbram,

115 517 118 526 .
136 453 238 632 guid
256 452 362 524 vituli
378 451 535 548 sumplis,
561 455 684 526 vitulae
703 455 810 544 cinis,
838 454 957 526 hircus
975 467 1145 550 uterque,

176 557 210 626 ic
225 549 377 626 dimillus
394 554 486 643 abit,
514 552 610 631 cadit
625 555 714 626 alter
731 565 768 626 at
782 551 897 630 hostia
913 553 1068 646 templo:

135 653 314 750 sanguine
330 673 410 724 nam
428 653 533 726 vituli
550 654 746 748 populum,
772 651 870 726 simul
886 653 1008 726 omnia
1022 653 1118 750 vasa,

136 751 261 846 Atque
274 749 500 842 sacerdotem
522 751 556 826 u
577 750 705 846 scripta
720 752 905 826 volumina
923 753 1024 848 legis,

135 851 267 946 Sparsit
286 871 384 942 aquae
400 845 537 943 mixto,
562 865 668 926 vates*
682 851 729 924 stc
741 849 851 942 J'uiiua
864 853 907 924 ab
921 853 1016 924 alto:
1310 903 1312 914 Α

18 961 21 970 ’
89 1011 93 1025 .
134 951 230 1029 Nam
248 950 429 1044 propriam
444 949 561 1043 spem,
586 971 655 1024 nec
669 949 819 1032 speciem
836 951 973 1024 virtute
988 964 1196 1049 vacantem,
1311 1001 1312 1050 3

134 1051 314 1144 Exemplo
337 1050 439 1124 vituli
459 1047 633 1142 paliurum
650 1051 686 1122 in
704 1067 860 1142 corpote
877 1048 1066 1142 Christum,

133 1151 211 1330 ssui
228 1151 311 1245 juga
328 1149 415 1222 dura
432 1149 551 1224 ferens
570 1151 742 1242 humeris,
767 1149 924 1224 temonis
946 1165 1066 1224 aratro

167 1251 295 1324 ortiter
315 1249 458 1340 abrupit
472 1245 531 1322 sua
543 1247 690 1341 peuora
702 1253 854 1329 vomete
870 1248 970 1340 ferri,

133 1347 329 1427 infundens
345 1345 448 1422 sulcis
468 1349 590 1424 animae
608 1349 656 1424 sui
683 1346 856 1444 sanguinis
873 1347 1023 1438 uudam;

134 1449 229 1528 Nam
247 1449 369 1540 templi
384 1446 466 1522 vasa
480 1447 556 1522 haec
571 1447 750 1545 designant
770 1467 927 1541 corpora
945 1447 1076 1522 nostra.

41 1595 46 1618 2
76 1631 81 1648 Ι
131 1547 209 1643 ipse
222 1547 294 1622 Dei
309 1549 480 1638 templum
499 1569 644 1640 verum,
670 1567 746 1620 noo
761 1559 844 1620 ante
860 1547 1030 1640 dicatum,

131 1647 299 1740 Namque
320 1645 382 1720 suo
400 1643 518 1720 socios
532 1648 695 1721 homiues
715 1647 778 1724 fibi
795 1645 961 1742 sanguiue
981 1643 1083 1743 sedit,

132 1747 259 1845 Atque
274 1745 476 1820 sacerdotes
491 1749 612 1820 voluit
627 1745 678 1822 l’ui
696 1749 861 1842 corporis
878 1745 958 1821 elle.

53 1883 55 1888 ·
130 1847 210 1944 lpse
223 1847 335 1922 Patris
354 1844 475 1920 summi
493 1847 670 1942 perfeuus
688 1849 768 1938 jure
786 1845 964 1937 sacerdos,

131 1945 327 2036 Auditum,
353 1943 489 2035 visum,
516 1944 666 2042 gressum
684 1947 870 2037 mundavit
886 1945 1052 2040 inertem,

131 2047 360 2140 Aspetfitque
374 2045 469 2118 libro
485 2045 591 2118 testes
608 2045 758 2141 praesaga
775 2048 934 2138 locutus,

130 2144 390 2221 Demonstrans
406 2147 522 2240 legem
538 2143 601 2218 suo
620 2144 773 2220 vindam
790 2143 1107 2240 sangune-sanuo.
1234 2181 1235 2184 κ
1309 2193 1312 2218 .

115 2240 237 2337 ¹Hanc
256 2245 290 2316 dt
308 2263 372 2337 per
391 2244 540 2318 vitulam
555 2244 754 2320 manifestat
767 2245 909 2319 vidima
926 2243 1090 2343 caulium,

129 2345 309 2442 Sanguine
324 2344 368 2416 de
383 2345 482 2437 cujus
496 2365 564 2438 pro
581 2347 686 2437 plebe
702 2347 841 2437 piacula
856 2341 993 2418 sumens

35 2499 36 2504 ,
96 2445 230 2522 ·.1ntra
243 2447 407 2518 velamen
426 2445 558 2539 primus
576 2445 707 2518 Levita
725 2441 877 2538 ferebat,

130 2544 335 2620 Castrorum
357 2558 459 2616 extra
473 2541 573 2618 fores
594 2565 726 2638 corpus
734 2542 897 2638 julioque
912 2545 1100 2639 cremavit,

129 2643 240 2736 Cujus
256 2645 300 2718 de
316 2645 435 2718 cinere
450 2643 644 2718 mundabat
660 2663 816 2738 corpora
834 2643 938 2737 lapsa.

28 2763 32 2772 ’
127 2741 216 2818 Hoc
230 2743 409 2818 Dominus
423 2742 565 2836 noster,
592 2744 653 2836 qui
667 2765 736 2818 nos
752 2742 812 2818 sua
825 2760 945 2820 morte
960 2743 1127 2842 redemit,

109 2839 245 2916 ¹Extra
265 2841 396 2935 castra,
421 2844 552 2918 volens
569 2845 694 2937 populi
714 2845 789 2918 vim
802 2843 915 2936 pallus
928 2845 1042 2938 iniqui

127 2939 299 3036 Implevit
314 2943 429 3040 legem
446 2939 545 3017 fadaia
562 2941 724 3036 pradilia
737 2943 942 3037 probando,

128 3041 205 3214 gui
219 3063 310 3118 vere
327 3043 473 3116 mundat
487 3044 627 3138 plebem
642 3045 847 3118 contamine
861 3045 1014 3140 plenam,

168 3145 262 3216 mnia
282 3143 485 3216 concedens
505 3145 599 3234 quali
618 3143 719 3217 dives
739 3146 904 3236 corporis
923 3143 1061 3242 audior,

125 3239 225 3318 Intra
243 3244 408 3316 velamen
424 3243 502 3314 coeli
520 3263 600 3316 cum
617 3241 783 3340 sangune
803 3243 949 3338 grelius,

127 3337 269 3416 Effudit
283 3363 387 3433 quem
403 3363 472 3435 pro
486 3344 682 3416 multorum
698 3343 874 3418 mortibus
890 3365 993 3422 unus.

125 3435 227 3536 Ergo
242 3439 461 3516 sacerdotem
478 3461 641 3536 magnum
659 3443 766 3514 decet
780 3443 894 3516 hostia
909 3442 1035 3538 sanda,

126 3542 245 3632 Quam
267 3541 371 3636 digne
390 3539 565 3636 perfeatus
585 3541 741 3634 habens,
768 3541 904 3618 offerre
921 3549 1108 3638 probetur.

127 3637 269 3732 Corpus
290 3641 422 3732 habet,
443 3640 519 3713 haec
537 3639 587 3714 est
603 3642 813 3716 mortalibus
831 3641 946 3718 hostia
961 3647 1059 3724 viva,

124 3737 230 3815 Hanc
248 3739 387 3830 dignam
403 3740 536 3836 magnis
552 3759 619 3832 pro
638 3739 772 3814 cunetis
791 3743 925 3818 obtulit
942 3765 1049 3818 unam

45 3921 47 3926 ,
124 3833 327 3916 Hircorum
343 3839 477 3949 species
498 3841 663 3918 homines
681 3839 788 3921 decet
805 3840 896 3924 elle,
920 3842 1083 3944 repulus

1077 3941 1138 4024 Ex
