2602 4336
81 162 95 232 ‘.
175 185 246 278 338
302 156 353 280 Q.
379 173 519 256 Sara.
539 139 691 254 'From
717 159 1121 254 Trarottrnur.

169 336 319 418 'reddam
335 339 380 414 de
392 338 459 426 isto
474 341 614 438 plenius
630 337 665 412 u
680 340 934 434 opportunius,
984 337 1099 434 Igitur
1114 337 1238 431 liquid

172 441 348 516 tormenti
363 439 439 512 live
463 437 580 513 solatii
607 439 720 513 anima
743 440 933 533 praecerpit
958 439 996 512 in
1017 457 1162 511 carcere
1180 437 1240 512 seu

166 539 375 614 ,diversorio
400 539 579 632 inferum,
611 539 650 612 in
674 541 776 632 igni,
811 539 875 612 vel
905 541 942 610 in
966 540 1043 612 srnu
1067 537 1236 631 Abrahae,

171 639 327 735 probata
344 641 413 712 erit
428 639 664 732 corporalitas
679 641 812 714 anima.
846 637 1127 731 Incorporalitas
1145 637 1237 711 enirn

171 740 266 816 nihil
281 739 438 832 patitur,
469 761 547 812 non
565 739 699 812 habens
718 761 784 834 per
800 739 898 832 quod
914 740 988 831 pati
1004 737 1129 834 poffit:
1162 735 1237 812 Aut

171 839 346 929 thabat,
372 839 446 914 hoc
472 841 542 911 erit
568 859 714 934 corpus.
771 839 985 933 loquantum
1013 839 1109 910 enim
1132 857 1236 912 omne

173 939 367 1032 corporale
389 937 542 1032 pallibile
566 937 643 1033 est,
677 938 976 1029 intantumquod
995 937 1151 1032 paffibile
1173 935 1235 1030 est,

172 1041 367 1132 corporale
383 1035 445 1114 est.
1067 1041 1068 1048 ’

245 1137 500 1230 8.Abn1ptum
516 1136 723 1230 alioquin&
741 1135 927 1210 absurdum
941 1133 1078 1208 idcirco
1095 1133 1180 1226 quid
1192 1133 1237 1208 de

170 1233 418 1332 corporalium
446 1239 602 1313 eximere
627 1235 752 1329 censu,
785 1237 868 1328 quia
889 1236 1018 1309 ceteris
1039 1236 1236 1327 corporali·

168 1339 239 1412 bus
254 1337 426 1432 exemplis
443 1357 519 1410 non
533 1337 713 1428 adaequet:
735 1337 797 1408 ubi
813 1337 1076 1432 proprietatum
1094 1335 1237 1429 privata

96 1433 99 1440 ’
170 1435 390 1531 discrimina,
409 1456 474 1529 per
489 1441 566 1528 qua·
579 1433 842 1534 magnificentia
855 1435 1008 1508 auctoris
1025 1457 1070 1506 ex
1085 1453 1237 1528 operum

169 1536 372 1611 eorundem
384 1535 882 1633 diversrtatefignanu,utsmt
891 1549 962 1608 tam
973 1531 1122 1608 discreta
1132 1555 1236 1626 quam

168 1637 290 1734 paria,
306 1649 379 1710 tam
394 1637 506 1710 amica
519 1657 624 1729 quam
637 1635 672 1708 u
684 1635 817 1710 aemula.
843 1633 1023 1727 Siquidem
1039 1635 1146 1728 &ipsa
1157 1634 1236 1707 Plri-

166 1735 313 1831 losophi
331 1757 378 1808 ex
394 1739 582 1810 contrariis
600 1733 767 1809 universa
790 1734 954 1808 constare
971 1736 1170 1808 condicunt
1185 1733 1235 1807 se-

168 1833 1060 1928 cundumamicitiam&inimicitiamEmpedoclis.
1102 1833 1162 1906 Sic
1174 1833 1235 1931 igi·

168 1933 1237 2030 turetsrcorporaliaincorporalibusobjacentipsaquoque

168 2035 221 2108 ita
235 2034 329 2106 inter
342 2033 376 2108 se
393 2033 585 2128 differunt,
603 2049 644 2107 ut
660 2033 861 2108 differentia
873 2032 1007 2126 species
1023 2056 1149 2108 eorum
1166 2055 1237 2106 arn·

168 2133 281 2228 pliet,
300 2154 377 2206 non
392 2155 503 2229 genus
517 2147 651 2207 mutet:
677 2148 719 2206 ut
732 2135 800 2212 lint
817 2137 1039 2228 corporalia,
1060 2135 1108 2208 fic
1122 2135 1236 2206 multa

167 2233 208 2307 in
226 2231 298 2306 Dei
318 2233 456 2328 gloria,
490 2235 573 2307 dum
595 2235 713 2306 varia:
746 2234 793 2306 src
816 2237 934 2324 varia,
970 2235 1054 2307 dum
1077 2231 1237 2307 diversa:

167 2327 218 2408 stc
237 2331 394 2424 diversa,
421 2333 504 2406 dum
524 2335 578 2406 his
597 2335 654 2407 alii
677 2336 884 2426 qualitatum
905 2331 1044 2428 sensata,
1073 2335 1130 2406 alii
1147 2333 1237 2406 iltis:

169 2431 256 2506 dum
270 2432 324 2505 his
346 2433 414 2505 alia
427 2435 614 2526 alimenta,
642 2436 708 2508 alia
723 2435 809 2507 illis:
843 2433 925 2507 dum
940 2433 1017 2508 haec
1030 2433 1235 2526 invifibilia,

167 2531 231 2605 illa
244 2531 411 2605 visrbilia:
432 2531 515 2606 dum
530 2533 607 2606 lraec
619 2535 761 2630 gravia,
779 2535 838 2606 illa
851 2535 958 2632 levia.
1006 2531 1125 2625 Ajunt
1138 2534 1237 2618 enim

170 2631 206 2704 dt
223 2631 361 2704 idcirco
382 2631 533 2706 arrimam
550 2635 817 2726 incorporalem
832 2635 1126 2725 renuntiandam,
1152 2633 1239 2724 quia

167 2729 409 2828 digressam,
448 2734 616 2827 graviora
643 2729 840 2806 efficiantur
865 2751 1024 2826 corpora
1048 2730 1237 2806 dumno-

168 2841 269 2923 rum,
288 2851 370 2904 cum
385 2832 527 2905 leviora
542 2830 611 2906 esse
626 2833 820 2926 deberent,
837 2834 941 2905 unius
961 2835 1126 2924 corporis
1142 2853 1238 2925 pon·

168 2923 257 3004 dere
273 2943 464 3025 exempt0‚
489 2931 642 3008 franima
658 2953 804 3026 corpus.
857 2929 955 3030 Quid
973 2932 1090 3026 enim,
1116 2933 1239 3026 inquit

168 3023 356 3124 Soranus,
380 3031 407 3104 fi
422 3051 519 3104 mare
531 3045 665 3130 negent
678 3048 835 3125 corpus,
851 3033 933 3124 qula
946 3045 1048 3104 extra
1061 3053 1160 3106 mare
1174 3034 1241 3103 im·

160 3131 312 3204 mobilis
338 3129 513 3226 &gravis
537 3133 640 3205 navis
664 3130 831 3205 efficitur:
866 3133 1016 3306 (fluento
1033 3151 1122 3228 ergo
1147 3134 1241 3206 valid

61 3260 65 3268 ·
167 3229 248 3302 dius
266 3249 398 3322 corpus
421 3231 566 3326 anima,
600 3231 698 3324 quod
717 3233 806 3303 tanti
822 3251 873 3324 po
907 3251 949 3304 ea
964 3232 1241 3324 ponderiscor-

166 3343 235 3420 pus
255 3327 424 3423 leviilima
438 3331 640 3404 mobilitate
656 3329 888 3404 circumfert?
920 3329 1090 3404 Ceterum
1105 3331 1170 3405 etfi
1186 3333 1242 3406 in·

167 3423 315 3500 vilibrlis
338 3429 478 3524 anima,
513 3429 636 3524 &pro
659 3431 872 3511 conditione
896 3432 1062 3524 corporis
1087 3429 1167 3526 sui,
1203 3431 1241 3504 dt

101 3609 102 3613 Ἴ
143 3603 145 3610 ,
165 3543 238 3620 pro
255 3529 477 3622 proprietate
494 3528 718 3620 substantiae,
753 3531 875 3624 &pro
894 3545 1021 3605 natura
1039 3531 1148 3604 etiam
1169 3551 1239 3603 eo·

166 3645 248 3698 rum
264 3627 390 3718 quibus
407 3629 588 3704 inuisrbilis
609 3623 682 3706 elle'
693 3629 820 3704 sortita
836 3629 897 3707 est.
948 3629 1070 3704 Solem
1090 3627 1247 3704 noauae·

165 3721 328 3798 nesciunt
342 3729 475 3818 oculis:
502 3731 625 3822 aquilae
640 3734 690 3804 ita
704 3727 893 3826 sustinent,
910 3746 953 3804 ut
966 3743 1138 3806 natorum
1150 3727 1250 3802 suo-¹

166 3833 247 3902 rum
270 3825 546 3928 generofitatem
571 3831 616 3906 de
641 3832 855 3928 pupillarum
879 3831 1026 3910 audacia
1048 3829 1245 3928 judicent:

664 3946 667 3955 ·
1093 3931 1189 4010 alio·
