2586 4334
201 181 264 240 nt
293 157 728 242 Raau'aarcnrorra
763 183 955 268 caanra.
1027 183 1105 258 545

34 327 317 500 gumentatmne
330 325 561 421 subvertant,
586 327 762 400 at·velint
778 346 919 402 carnem
935 323 1106 400 desnos-
1187 319 1206 366 ‘³

25 429 28 476 ῖ
67 427 131 498 cio
152 427 279 500 anirnae
300 427 512 522 collocare,
544 447 622 502 non
643 425 737 518 quast
758 425 968 520 ministram,
999 447 1047 499 ne
1068 423 1103 500 dt

37 519 177 612 sociam
191 541 368 622 cogantur
381 523 612 625 cognoscere.
662 525 799 600 Dicent
812 527 905 600 enim
922 525 1102 600 ministros

37 621 77 696 dc
92 622 214 702 socios
229 627 360 700 habere
374 626 560 714 arbitrium
576 624 789 700 ministrandi
807 640 914 717 etque
930 625 1103 720 sociandi,
1123 683 1131 706 ,
1223 687 1228 713 ,

37 725 78 796 dt
100 721 317 817 potestatem
335 721 403 798 suae
426 727 625 802 voluntatis
642 725 679 800 in
699 741 910 818 duramque,
936 725 1102 800 homines

37 817 180 896 scilicet
197 819 357 918 &ipsost
384 825 520 901 idcirco
536 845 619 900 cum
639 823 841 900 auiloribus
861 827 987 898 merita
1003 843 1102 900 com·

36 923 253 1018 manicare,
285 925 413 1016 quibus
443 945 590 1020 operam
621 925 750 1020 sponte
769 923 1099 1001 accommodarinr.
1151 956 1154 973 ·

36 1017 197 1096 Carnem
213 1039 331 1098 autem
347 1027 434 1100 nihil
456 1023 673 1122 sapientem,
703 1025 790 1106 nihil
809 1022 1017 1098 sentientem
1034 1043 1100 1120 per

36 1117 281 1218 semetipsam,
306 1145 382 1198 non
397 1127 512 1219 vello,
538 1147 615 1202 non
634 1127 732 1200 nolle
749 1124 794 1198 de
814 1123 876 1196 suo
893 1124 1100 1218 habentem,

36 1222 125 1296 vice
142 1225 263 1316 potius
279 1221 411 1298 vasculi
424 1245 593 1321 apparere
609 1228 745 1316 animae,
758 1239 800 1298 ut
815 1223 1100 1317 instrumentum,

36 1339 117 1394 non
142 1335 185 1394 ut
204 1322 442 1400 ministerium.
503 1323 628 1416 ltaque
652 1325 775 1398 animae
797 1321 903 1396 solius
926 1323 1101 1416 judicium

38 1419 249 1516 praefidcre,
274 1423 425 1515 qualiter
445 1423 505 1499 usa
525 1423 567 1496 srt
590 1421 737 1497 vasculo
758 1423 890 1498 carnis:
915 1419 1102 1500 vasculum

41 1539 136 1594 vero
162 1519 273 1615 ipsum
294 1541 372 1598 non
388 1521 459 1598 esse
475 1521 657 1598 sententie
676 1523 895 1596 obnoxium:
931 1525 1012 1613 quia
1027 1535 1101 1596 nec

39 1621 189 1694 calicem
206 1619 600 1716 humaniquanto
620 1643 764 1696 veneno
778 1624 1004 1717 temperarit:
1030 1643 1100 1696 nec

37 1720 195 1816 gladium
209 1722 252 1796 ad
266 1721 393 1798 bestias
405 1723 661 1818 pronunciari,
687 1723 790 1813 saquis
806 1744 852 1794 eo
868 1715 1101 1798 latrocinium
1134 1735 1138 1744 '

38 1819 151 1894 fuerit
175 1833 359 1917 operatus.
420 1821 498 1918 Jam
523 1841 610 1920 ergo
636 1821 810 1896 innocens
839 1840 952 1914 caro,
989 1841 1035 1894 ex
1055 1815 1117 1896 ea‘.
1184 1839 1188 1849 ·

37 1933 168 2016 parte,
204 1943 274 2014 qua
293 1943 370 1996 non
398 1921 660 2016 reputabuntur
686 1923 737 1996 illi
760 1941 880 2014 operae
901 1922 1024 1994 malae:
1063 1919 1099 1996 dt

36 2019 127 2094 mbil
144 2021 338 2116 prohibet,
364 2021 580 2096 innocentiae
599 2023 746 2096 nomine
761 2019 892 2094 salvam
910 2041 988 2094 eam
1006 2017 1099 2095 fieri.
1135 2067 1138 2075 ·

35 2115 253 2196 Licetenin
272 2141 343 2196 nec
360 2122 457 2194 bona
475 2141 587 2216 opera
600 2135 812 2216 reputentur
826 2119 898 2214 illi,
922 2120 1011 2194 ficut
1028 2141 1098 2194 nec

35 2219 148 2293 mala:
175 2219 304 2295 divinae
319 2237 438 2296 tamen
452 2221 663 2317 benignitati
681 2221 788 2317 magis
805 2223 981 2314 competit
994 2221 1099 2294 inno-

38 2333 162 2392 centes
180 2321 353 2395 liberare:
386 2317 572 2395 beneficus
594 2323 698 2394 enim¹
716 2319 767 2394 est
794 2333 899 2410 atque
925 2322 1097 2411 optimus.

36 2413 162 2494 Debet
176 2435 293 2494 autem
311 2421 417 2494 etiam
434 2419 531 2512 quod
548 2439 625 2492 non
642 2419 832 2492 deberetur
851 2417 996 2494 offerre.
1047 2415 1100 2491 Et
1160 2445 1162 2452 ¹

37 2535 158 2592 tamen
177 2519 323 2594 calicem
341 2539 417 2593 non
440 2520 523 2592 dico
545 2521 799 2609 venenarium,
825 2519 860 2591 in
878 2541 983 2611 quem
997 2537 1097 2592 mort

38 2619 154 2710 aliqua
171 2617 338 2714 radiarit,
363 2615 422 2692 sed
443 2615 610 2710 fictricis,
636 2622 696 2694 vel
719 2618 921 2715 archigalli,
948 2619 1009 2692 vel
1026 2620 1099 2714 gla-

39 2715 213 2812 diatoris,
245 2733 307 2792 aut
329 2715 504 2822 camtificis
531 2716 654 2814 spiritu
679 2717 871 2794 insedium:
906 2739 1026 2814 quaero
1051 2740 1109 2794 an·
1166 2771 1168 2776 ,

37 2819 152 2892 minus
169 2817 331 2910 damnes,
359 2839 462 2912 quam
477 2815 596 2892 oscula
608 2816 781 2914 ipsorum:
805 2817 935 2894 nostris
950 2839 1097 2912 quoque

38 2913 200 3016 sordibus
220 2919 402 3012 nubilum,
430 2919 489 2992 vel
510 2939 586 2990 non
608 2939 676 3015 pro
700 2917 819 2992 animo
844 2933 1096 3012 temperatum,

39 3015 172 3092 elidere
194 3015 367 3092 solemus:
402 3038 475 3134 quo
494 3019 603 3114 magis
625 3037 738 3114 puero
760 3015 957 3094 irascamur.
1010 3016 1097 3090 Gla·

38 3117 134 3190 dium
148 3137 241 3192 vero
255 3119 451 3216 latrocimis
469 3119 606 3192 ebrium
621 3118 697 3209 quis
722 3137 797 3190 non
823 3139 843 3190 a
866 3117 976 3190 domo
998 3129 1095 3212 tota,

37 3215 169 3290 nedum
189 3240 208 3290 a
229 3219 422 3311 cubiculo,
449 3217 580 3292 nedum
604 3238 624 3290 a
643 3217 769 3310 capitis
790 3215 839 3290 sui
862 3213 983 3290 officio
1004 3221 1096 3290 rele-

37 3317 154 3414 gabit:
179 3316 388 3410 presumens
414 3315 573 3410 scilicet,
599 3317 686 3390 nihil
708 3315 799 3390 aliud
820 3313 855 3390 se
876 3335 979 3409 quam
1005 3315 1097 3390 inlu·

37 3415 94 3490 dia
110 3417 302 3492 animarum
320 3415 593 3510 somniaturum,
620 3417 821 3513 urgentium
844 3415 878 3488 dc
896 3417 1096 3508 inquietan-

37 3515 128 3592 tium
153 3510 328 3614 sanguinis
357 3514 406 3590 sui
435 3517 688 3597 concubinum.
740 3515 791 3590 ht
820 3515 913 3590 enim
941 3515 975 3590 dt
1001 3519 1095 3600 calix

36 3619 128 3692 bene
142 3613 206 3690 sibi
219 3615 401 3712 conscius,
424 3615 514 3689 &de
529 3615 709 3712 diligentia
720 3615 899 3690 ministerii
913 3637 1094 3692 commen·

39 3715 160 3808 maus,
187 3717 335 3790 coronis
354 3737 500 3810 quoque
521 3719 701 3808 potatoris
720 3713 769 3790 sui
784 3716 1004 3808 morabitur,
1031 3733 1095 3790 aut

41 3805 219 3914 aspergine
239 3813 370 3892 florum
391 3818 641 3896 honorabitur.
702 3813 752 3893 Et
773 3815 908 3920 gladius
929 3817 1024 3891 bene
1047 3811 1094 3894 de

89 3911 400 3998 siracusanus.
443 3994 449 4002 ,
585 3915 715 4003 'Mart
943 3917 1043 3994 bello
