2536 4336
265 211 369 247 ’π
418 205 540 262 ant
587 183 937 266 uernam*
998 193 1172 293 '2395

114 373 125 390 .
147 375 152 384 ·
191 371 254 441 42.
279 345 338 424 De
358 361 478 424 morte
493 350 565 444 ianr
588 347 764 446 superest,
794 361 837 424 ut
854 349 928 426 illic
945 353 1092 428 materia
1106 373 1173 448 pe

114 461 201 542 nat,
228 449 290 522 ubi
306 447 509 540 ipsaanima
525 449 753 526 consummat.
806 453 1027 550 Quamquam
1041 452 1173 548 Epicu·

116 571 177 622 rus
194 549 332 646 vulgari
345 548 426 622 satie
441 551 615 642 opinione
629 552 769 645 negarit
781 551 996 625 mortemad
1009 571 1077 625 nos
1092 573 1173 646 per·

115 651 247 726 tinere.
305 649 417 744 Quod
435 651 529 724 enim
546 648 748 740 dissolvitur
767 647 922 745 (inquit)
942 650 1040 726 sensu
1059 667 1172 746 caret,

116 750 154 824 a
168 747 269 841 quod
281 746 379 822 sensu
391 763 515 842 caret,
535 750 620 824 nihil
634 750 676 824 ad
691 769 771 822 nos.
822 747 1035 824 Dissolvitur
1049 765 1170 830 autern

115 847 154 924 dt
170 861 270 921 earet
284 847 402 940 sensti,
428 864 503 922 non
518 849 590 942 ipsa
602 869 719 942 mors,
742 847 929 922 sed‘homo
944 849 1002 942 qui
1020 871 1096 928 earn
1110 873 1172 946 pa·

113 949 219 1022 titur.
258 946 377 1022 Atilie
394 949 427 1022 ei
439 948 537 1022 dedit
548 949 758 1041 passionem,
782 950 842 1022 cui
853 948 904 1022 est
917 950 1020 1024 atto.
1059 953 1174 1046 Quod

113 1051 140 1126 si
161 1049 314 1122 hominis
329 1048 380 1120 est
396 1049 469 1141 pati
483 1063 636 1122 mortem
651 1048 904 1122 dissolutricem
924 1051 1111 1143 corporis,
1136 1051 1172 1126 aa

112 1151 391 1244 peremptricem
409 1145 545 1240 sensus,
571 1169 676 1240 quam
696 1149 857 1242 ineptum
879 1161 922 1220 ut
943 1163 1045 1222 tanta
1056 1151 1112 1222 vis
1128 1151 1173 1224 ad

112 1249 301 1324 hominem
317 1269 391 1320 non
408 1249 586 1340 pertinere
604 1248 751 1324 dicatur.
797 1248 919 1320 Multo
938 1248 1093 1322 coattrus
1112 1249 1172 1324 Se»

112 1368 228 1422 neca:
253 1346 503 1440 postmortem
517 1344 608 1446 (ait)
628 1347 746 1422 omnia
764 1344 955 1442 finiuntur,
974 1349 1078 1422 etiam
1088 1347 1171 1446 ipsa

112 1447 206 1522 Hoc
221 1446 249 1520 s1
266 1450 316 1518 ita
329 1446 400 1537 est,
422 1448 493 1538 jam
511 1448 655 1522 &mors
671 1447 715 1520 ad
729 1445 945 1540 semetipsam
962 1448 1171 1541 pertinebit,

112 1548 140 1622 li
157 1547 193 1622 aa
210 1541 285 1640 ipsa
300 1542 441 1635 finitum
468 1567 514 1619 eo
531 1549 638 1644 magis
654 1547 697 1620 ad
714 1547 916 1642 hominem,
942 1548 1064 1640 inquo
1079 1551 1172 1622 inter

112 1645 242 1722 omnia
260 1641 441 1738 finiendo,
469 1645 594 1739 &·ipsa
613 1645 746 1722 finitur.
797 1647 902 1720 Mors
917 1647 1004 1720 nihil
1023 1647 1067 1721 ad
1087 1668 1171 1742 nos,

81 1735 84 1756 ’
112 1766 206 1844 ergo
228 1745 265 1818 dt
284 1747 361 1818 vita
379 1747 468 1819 nihil
485 1746 529 1820 ad
546 1767 626 1820 nos.
684 1743 721 1817 Si
745 1745 839 1819 enirn
857 1765 931 1838 quo
951 1745 1173 1821 dissolvimur

111 1857 249 1942 praeter
267 1865 356 1934 nos,
383 1846 490 1920 etiam
509 1867 583 1937 quo
602 1846 861 1941 compingimur
882 1857 985 1920 extra
1004 1865 1085 1922 nos.
1136 1847 1175 1923 Si

114 1945 302 2040 ademptio
322 1943 435 2020 sensus
449 1947 537 2020 nihil
552 1947 596 2018 ad
610 1967 771 2037 nos‚nec
784 1945 930 2039 adeptio
946 1944 1059 2020 sensus
1077 1947 1174 2038 quic·

113 2064 224 2140 quarn
245 2043 291 2118 ad
304 2065 392 2118 nos:
424 2043 484 2118 sed
502 2059 660 2120 mortem·
674 2065 818 2138 quoque
834 2047 1032 2140 interimat,
1064 2045 1174 2139 qui&

113 2145 281 2220 animam.
330 2143 489 2218 Anubis
511 2158 554 2217 ut
569 2145 613 2218 de
634 2143 796 2238 postuma
806 2145 888 2218 'vita
903 2145 937 2217 dt
951 2145 994 2219 de
1012 2145 1078 2220 alia
1089 2165 1174 2240 pro·

113 2245 242 2319 vincia
255 2245 398 2337 munta,
422 2245 474 2317 ita
487 2245 532 2318 de
546 2260 665 2317 morte
678 2243 906 2337 tractabitur,
933 2245 1095 2338 adquam
1111 2246 1174 2320 vel

80 2385 82 2414 2
112 2345 178 2440 ipsi
195 2341 436 2438 pertinemus,
467 2344 492 2418 si
512 2344 643 2417 adnot
666 2344 727 2418 illa·
745 2363 821 2418 non
844 2346 1011 2436 pertinet.
1061 2344 1174 2418 Deni-

114 2465 189 2540 que
205 2465 278 2518 uec
295 2441 474 2535 speculum
494 2444 570 2536 eius
587 2441 751 2534 somnus,
777 2443 890 2518 aliena
902 2444 1049 2518 materia
1063 2443 1124 2520 est.

194 2563 257 2636 43.
283 2541 342 2615 De
361 2541 486 2618 somno
507 2543 603 2636 prius
626 2542 862 2638 disputemus;
889 2541 992 2636 post,
1017 2555 1175 2620 mortem

114 2643 272 2738 qualiter
295 2645 409 2718 anima
426 2641 603 2717 decurrat.
662 2641 749 2716 Non
769 2644 892 2734 utique
913 2645 1174 2718 extranaturale

114 2743 170 2820 est
181 2739 347 2835 somnus,
363 2757 405 2816 ut
417 2743 624 2836 quibusdam
638 2741 861 2837 Philosophia
877 2743 1011 2836 placet,
1031 2763 1111 2820 curn
1128 2761 1174 2818 er

114 2845 172 2920 nis
193 2861 276 2916 eum
292 2843 465 2936 deputant
480 2842 618 2930 caussis3
645 2861 720 2934 quae
737 2854 865 2936 prater
881 2859 1039 2915 naturam
1052 2844 1175 2916 haberi

116 2944 311 3018 videntur:
354 2941 467 3016 Stoici
490 2941 648 3015 somnum
668 2939 924 3015 resolutionem
944 2940 1106 3016 sensualis
1122 2941 1177 3014 vi·

115 3044 219 3142 goris
239 3039 436 3132 affirmant,
468 3039 633 3134 Epicurei
654 3040 925 3116 diminutionem
944 3039 1084 3133 spiritus
1105 3039 1176 3113 ani·

115 3143 244 3234 malis,
281 3139 514 3238 Anaxagoras
536 3161 616 3214 cum
637 3141 860 3231 Xenophane
882 3139 1174 3234 defetiscentiam,

114 3239 362 3338 Empedocles
383 3241 659 3316 &Parmenides
684 3239 1020 3333 refrigerationem,
1052 3237 1175 3313 Strato

115 3341 402 3439 segregationem
421 3340 557 3415 consati
577 3341 739 3433 spiritur,
765 3337 999 3412 Democritus
1018 3338 1177 3434 indigen·

116 3443 207 3518 tiam
222 3439 386 3537 spiritur,
419 3440 628 3516 Aristoteles
653 3457 851 3512 marcorem
875 3437 1174 3512 circumcordialis

118 3543 266 3617 caloris.
316 3540 397 3636 Ego
412 3563 470 3616 me
483 3557 660 3634 nunquam
678 3542 727 3610 ita
744 3537 907 3612 dormisse
925 3535 1116 3630 presumo,
1134 3552 1177 3611 ut

116 3663 165 3719 ex
183 3641 381 3731 hisaliquid
396 3637 590 3738 agnoscam.
626 3637 758 3727 Neque
771 3641 863 3710 enim
880 3637 1092 3712 credendum
1110 3638 1175 3730 est,

85 3819 89 3826 ,
119 3740 405 3821 defetiscentiam
426 3739 495 3815 esse
515 3737 700 3828 somnum,
735 3735 953 3809 contrarium
974 3740 1094 3831 potius
1117 3737 1176 3809 de·

119 3841 360 3939 setiscentiae,
401 3861 506 3944 quam
531 3839 665 3913 scilicet
687 3837 794 3914 tollit
857 3837 1035 4015 Siquidersn
1064 3837 1175 3911 homo

257 3982 265 3998 ι
1016 3957 1127 4012 omno
