2634 4336
322 165 337 245 .'
414 195 787 284 ornetur.
863 250 867 260 ·
981 220 1126 302 397

77 373 248 448 colorem.
364 363 414 438 'od
433 363 460 440 ιι
481 363 595 438 vitale
613 359 785 458 salutare,
810 361 953 440 aniiare
965 355 1127 464 somus,

75 471 161 548 nihil
178 471 352 564 ejusmor
340 465 443 538 inon
456 463 653 552 rationale,
674 461 761 536 ruhrl
773 481 851 537 non
863 467 1034 542 naturale
1067 464 1128 540 Sic
1249 521 1252 528 .

77 567 252 648 &medici
275 585 383 640 omne
400 564 621 636 contrarium
638 561 758 656 vitali,
784 561 944 656 salutari,
968 565 1128 640 arixiliarl

76 683 175 746 ιιιιι
203 679 338 742 nature
368 661 530 737 cardines
562 662 734 758 relegant.
800 659 895 738 Nam
926 619 1126 740 denuo

76 768 200 848 somno
224 763 478 854 valetudines,
511 760 756 856 phreneticam
784 775 891 854 atque
916 765 1127 860 cardiacam,

100 885 203 944 rerer
224 879 386 940 namnam
403 860 620 980 iudicando,
646 861 841 936 naturalem
860 857 1023 938 somnum
1040 883 1129 958 p·rae

73 891 344 1078 inuenerunt·
370 963 476 1036 etiarn
495 963 532 1035 in
553 959 718 1058 lethargo
747 980 823 1035 non
842 887 1064 1039 naturalemp
1061 985 1130 1037 no·

76 1079 217 1162 rantes,
249 1061 456 1138 testimonio
472 1059 623 1135 ιιιιιιιιι
642 1057 883 1157 respondent,
910 1081 991 1136 curn
1009 1063 1043 1138 in
1063 1061 1129 1136 suo
1168 1072 1195 1120 '-

74 1176 358 1262 temperamento
374 1159 435 1236 est.
486 1159 613 1235 Omnia
630 1163 725 1234 enirn
738 1175 886 1258 nanua,
913 1177 974 1234 aut
991 1161 1132 1238 defrau-

75 1267 253 1358 datione,
288 1275 351 1336 aut
381 1261 597 1336 enormitate
626 1257 866 1380 rescinditur,
905 1263 1129 1356 proprietate
1246 1307 1249 1314 ι

75 1363 245 1442 mensurae
262 1359 507 1437 conservatur.
557 1358 613 1434 Ita
629 1361 791 1434 naturale
810 1363 879 1435 erit
893 1359 1004 1458 statu,
1029 1359 1133 1455 quod

75 1485 151 1542 non
168 1463 329 1538 naturale
346 1458 435 1536 effici
455 1457 573 1553 potest
589 1457 728 1536 decessir
745 1461 807 1534 vel
827 1459 978 1539 excelsu.
1031 1459 1130 1564 Quid

75 1563 209 1640 liesum
225 1561 259 1636 ιι
273 1575 402 1656 potum
419 1559 615 1632 denatura
632 1556 787 1634 somnus
807 1559 974 1636 eximas?
998 1583 1079 1637 narn
1095 1563 1131 1638 ιι

75 1663 113 1738 in
133 1664 187 1738 hia
210 1661 361 1758 piurima
382 1656 495 1732 somni
518 1671 684 1752 paratura
701 1657 763 1734 cst
821 1657 930 1734 Certe
950 1663 1003 1736 his
1023 1682 1043 1738 a
1061 1663 1132 1760 pri·-

74 1761 219 1840 mordio
236 1771 371 1834 naturae
386 1756 454 1832 sure
470 1757 583 1832 homo
601 1757 756 1831 imbutus
773 1755 842 1833 estc
861 1759 886 1834 n
904 1763 996 1857 apud
1010 1761 1132 1840 Deum

78 1861 206 1956 discas,
233 1861 295 1934 ille
314 1857 396 1932 sons
420 1857 560 1954 generis
577 1855 692 1932 Adam
713 1869 797 1934 ante
817 1859 931 1934 ebibit
948 1859 1130 1958 soporem,
1156 1932 1160 1941 .

76 1983 180 2058 quam
200 1960 286 2034 sitiit
309 1959 474 2052 quietern
524 1953 627 2032 Ante
646 1957 792 2032 dormiit
815 1977 918 2052 quarn
935 1960 1131 2057 laboravit,
1186 2021 1195 2042 .

77 2061 186 2140 irnmo
202 2079 309 2154 quam
328 2056 362 2132 dr
378 2055 509 2152 edit,
497 2075 607 2132 rmmo
630 2077 733 2150 quam
752 2055 788 2132 dt
807 2057 970 2154 profatus
993 2059 1070 2156 est,
1067 2075 1132 2137 ut

77 2161 226 2236 rideant
245 2157 439 2234 naturalem
454 2157 610 2232 indicem
629 2155 790 2232 somnum
805 2159 971 2233 omnibus
989 2175 1133 2238 natura·
1220 2199 1224 2226 ι

77 2261 167 2339 utor
190 2258 329 2355 princip
306 2258 489 2352 pallorem.
540 2254 629 2330 lnde
652 2254 859 2332 deducimur
883 2261 991 2334 etiarn
1015 2263 1135 2359 imagi

78 2381 160 2436 nero
175 2359 305 2436 mortis
316 2357 388 2449 iam
405 2369 494 2428 tunc
511 2372 594 2430 erun
608 2355 805 2432 recensere.
856 2353 892 2430 Si
909 2359 1003 2433 enirn
1016 2357 1135 2440 Adara

78 2457 124 2534 de
139 2455 282 2534 Christo
299 2453 495 2554 figurabat,
519 2451 663 2529 somnus
684 2453 774 2528 ιιι
792 2475 891 2530 ιιοιι
915 2471 993 2534 erat
1006 2457 1138 2538 Christi
1296 2523 1298 2534 .

80 2555 300 2636 dormituri
289 2576 325 2630 ιιι
347 2569 529 2650 mortem,
562 2567 606 2628 ut
629 2553 675 2628 de
694 2554 822 2650 injuria
842 2557 989 2650 perinde
1012 2559 1134 2638 lateris

78 2659 154 2754 ejus
168 2679 258 2732 vera
269 2669 384 2732 mater
398 2655 600 2729 viventrurn
611 2647 823 2751 iigruaretur
840 2651 973 2732 Eccles
976 2677 1006 2735 a
1044 2657 1134 2738 Ideo

69 2761 114 2833 ,ιι
131 2757 277 2834 somnus
302 2771 373 2830 tam
398 2751 576 2848 salutaris,
601 2765 675 2830 ιιιιι
689 2753 874 2829 rationalis
896 2757 1002 2832 etiam
1018 2760 1056 2836 in
1070 2781 1135 2855 pu·

78 2859 183 2934 blico
208 2857 243 2932 ιι
266 2857 466 2956 communia
489 2853 562 2948 jun
587 2854 715 2928 mortis
739 2851 916 2951 effingitur
943 2861 1134 2956 exemplar.

79 2951 212 3032 Voluit
230 2949 324 3030 enirn
340 2953 442 3028 Deus
460 2951 494 3026 ιι
511 2955 594 3028 alim
612 2953 701 3028 nihil
722 2953 795 3028 srne
817 2957 1107 3051 exemplaribus·
1096 2975 1138 3036 ur

79 3053 138 3132 sua
150 3053 382 3150 dispositione
399 3053 569 3148 molitur,
596 3051 834 3150 paradigmate
853 3051 1044 3130 Platonico
1059 3059 1137 3150 ple·

79 3157 159 3234 uiua
173 3155 318 3231 humani
331 3152 394 3228 vel
411 3151 563 3228 maxime
580 3151 672 3229 initii
690 3169 733 3226 ac
751 3148 831 3226 linia
849 3153 959 3227 linem
975 3155 1138 3248 quotidie

79 3275 186 3354 agere
199 3251 408 3345 nobiscum,
434 3273 576 3328 manum
588 3271 776 3350 porrigens
790 3249 875 3326 fider
887 3249 1025 3328 sacrlrua
1040 3253 1139 3350 adju·

78 3353 207 3430 vande
225 3373 291 3448 per
309 3353 358 3428 im
440 3373 478 3426 ea
501 3347 536 3426 ιι
558 3351 772 3448 parabolae,
808 3351 898 3426 ficut
921 3347 1136 3452 sermonum,

79 3455 131 3532 ιιι
146 3453 184 3528 ιι
197 3473 329 3529 rerum.
359 3371 437 3526 ᾚι

78 3553 144 3650 hp
146 3554 222 3626 orie
240 3549 384 3645 elisum,
408 3547 676 3644 blandaquietir
690 3549 893 3628 necesitate
907 3547 1120 3646 prostratum

77 3651 264 3732 immobile
275 3651 364 3746 litu,
390 3650 495 3744 quale
508 3663 591 3726 aute
608 3651 719 3724 vitam
732 3651 865 3742 iacuit,
892 3647 1105 3747 &qualcpo
1107 3606 1139 3728 ιι

74 3753 195 3828 eitam
214 3751 376 3844 iacebit,
407 3763 450 3822 ur
470 3747 697 3824 testationem
714 3745 870 3842 plastice
884 3749 919 3823 ιι
934 3673 1136 3846 sepultura,

78 3845 746 4026 exspatiemudurmqurfiuooduur
762 3849 962 3952 σοιιιιιιι,
989 3849 1138 4048 Ἧι

431 3451 564 3544 opoolt
586 3451 694 3568 igitur
715 3451 780 3526 tibi
805 3471 936 3545 corpur
962 3453 1073 3528 amica
1096 3455 1138 3536 ιι
1293 3549 1295 3558 Ι
