2586 4334
120 115 125 134 ⁴
220 147 976 247 rin-Rasunaecnrouncnnure.
1053 125 1131 248 '5'71

12 327 16 384 l
58 258 171 410 qnod
190 305 347 408 denique
365 271 410 390 ab¹
426 275 636 390 hominum
649 271 839 392 occiditur.
890 313 1000 388 Sic&
1018 316 1134 410 parie-

66 419 114 490 tis
129 433 264 510 corpur
282 435 359 488 nou
370 413 466 493 aliud
480 415 684 510 admittam,
701 435 806 506 quam
822 427 1009 506 cementa,
1024 433 1132 505 quant

66 513 170 606 saxa,
195 535 301 607 quam
316 517 458 590 lateres.
510 511 545 588 Si
562 515 641 606 quis
658 533 826 590 arcanum
840 515 985 607 aliquod
996 533 1132 608 corpus
1216 571 1223 611 :

12 651 14 662 =
65 613 227 701 inducit,
254 613 439 708 ostendat,
464 617 625 708 revelet,
651 616 785 710 probet
797 613 908 708 ipsum
931 608 1001 705 esse
1023 617 1134 690 etiam

12 769 14 778 ,
68 713 171 807 quod
195 715 382 790 occidatur
410 715 454 788 ab
477 713 649 802 homine,
681 713 783 790 &de
801 715 867 788 ilio
884 716 961 788 ‘erit
979 711 1135 792 dinume
1185 763 1193 786 .

23 842 28 851 ·
65 813 158 888 item
191 813 367 892 fitnimae
399 835 533 908 corpur
563 817 789 908 opponitur,
823 815 970 886 vrcnbit
994 812 1135 903 astutia,

66 911 163 988 Cum
182 915 280 988 enirn
299 925 492 1005 utrumque
513 915 756 1008 proponitur,
782 933 915 1008 corpur
935 925 1043 1005 atque
1058 915 1134 986 ani·

12 1015 20 1042 ³
66 1033 166 1090 matu
184 1011 304 1088 occidi
315 1014 352 1086 in
364 1013 586 1109 gehennam,
613 1011 837 1110 distinguitur
848 1033 982 1104 cornus
999 1015 1043 1086 ab
1058 1015 1136 1090 ani-t

67 1135 153 1198 me,
192 1113 226 1186 dt
264 1113 478 1206 relinquitur
516 1111 668 1210 intelligi
700 1133 860 1206 eorpus,
892 1113 928 1186 id
960 1113 1059 1205 quod
1092 1115 1131 1186 iu
1218 1150 1262 1192 l.

67 1225 249 1310 promptu
271 1211 337 1304 s1t‚
373 1231 459 1285 caro
477 1209 640 1300 scilicet;
671 1231 750 1304 quae
770 1211 860 1286 sicut
880 1213 1134 1318 occideturin
1194 1279 1198 1294 .
1224 1292 1226 1300 χ

68 1310 329 1412 gehennamsr
350 1331 428 1408 non
444 1311 554 1408 magis
572 1311 689 1384 aDeo
702 1311 861 1386 timuerit
878 1313 1019 1398 occidi,
1035 1314 1085 1384 ita
1099 1311 1136 1384 dt
1274 1391 1278 1400 ,

68 1405 319 1488 vivificabitur
338 1413 376 1486 in
392 1413 505 1486 vitam
518 1424 710 1506 eternam,
735 1411 760 1486 st
775 1413 941 1486 maluerit
957 1415 1000 1484 ab
1018 1412 1137 1486 homi·

68 1517 179 1589 nibus
206 1511 331 1608 potius
356 1507 524 1586 interfici
594 1509 751 1585 Proinde
776 1509 881 1604 slqilis
911 1510 1135 1586 occisionem

69 1613 191 1688 carnia
219 1623 328 1704 atque
355 1613 480 1686 anime
505 1612 543 1682 in
565 1609 794 1706 gehennam,
829 1611 872 1686 ad
891 1609 1134 1709 interitum&

69 1709 185 1790 finem
205 1713 394 1805 utriusque
420 1707 620 1785 substantie
644 1709 813 1803 arripiet:
838 1729 916 1785 non
940 1711 984 1786 ad
1004 1709 1137 1805 suppli*

70 1815 169 1886 cium
181 1809 276 1904 quafi
290 1809 633 1902 consumendarum,
652 1829 728 1882 nou
745 1809 840 1900 quali
854 1811 1137 1906 puniendarum:
1165 1805 1170 1817 ‘

67 1909 288 1988 recordetur
309 1911 430 2006 ignem
449 1910 625 2008 gehenne
647 1921 822 1984 aeternum
848 1911 1063 2004 predicari,
1095 1911 1136 1984 in
1158 2005 1161 2012 ἢ

69 2030 217 2108 poenam
253 2019 450 2103 eternam,
493 2008 638 2082 &inde
670 2011 909 2084 eternitatem
940 2009 1138 2084 occifionie

70 2107 264 2208 agnoscat,
290 2123 484 2204 propterea
493 2111 657 2182 humenae
670 2123 712 2181 ut
725 2111 917 2204 temporali
931 2111 1137 2205 praetimen.

70 2211 166 2286 dem.
216 2205 326 2282 Tunc
347 2207 381 2283 dt
403 2222 552 2286 eternas
573 2205 781 2284 substantiae
806 2207 952 2302 credet,
986 2211 1136 2302 duarum

71 2323 210 2386 aeterm
224 2307 267 2382 nt
283 2307 418 2384 occisio
438 2311 476 2382 in
495 2327 648 2401 poenam.
700 2305 810 2382 Certe
828 2327 910 2384 cum
928 2307 1010 2402 post
1025 2307 1137 2382 resur·

70 2407 272 2486 restionem
288 2427 422 2504 corpur
438 2427 521 2482 cunr
535 2408 653 2484 anima
667 2406 792 2480 occidi·
804 2407 935 2482 habeat
949 2409 986 2482 in
1000 2409 1135 2505 gehen.

70 2527 177 2602 nam,
204 2507 286 2582 satia
304 2507 523 2600 deutroque
541 2504 740 2600 constabit,
767 2505 859 2582 &de
877 2509 1009 2582 carnali
1026 2505 1138 2582 resur·

70 2607 260 2700 stitione,
295 2605 330 2681 dt
354 2607 400 2682 de
429 2619 569 2690 eterna
590 2605 784 2684 occisione.
846 2605 1138 2684 Absurdiffimum

71 2710 236 2800 alioquin
249 2705 274 2782 st
285 2707 423 2782 idcirco
439 2703 644 2782 resuscitata
654 2716 740 2780 etro
752 2708 940 2784 occidatur
952 2709 989 2782 in
999 2705 1139 2804 gehen·

71 2827 178 2898 narn,
204 2809 256 2880 uti
270 2803 435 2898 finiatur,
461 2806 560 2900 quod
575 2805 609 2880 dt
625 2826 703 2881 non
717 2807 922 2882 resuscitata
938 2819 1137 2903 pateretur.
1178 2815 1199 2899 ,‘
1255 2895 1262 2910 Ι

70 2905 113 2982 ln
125 2909 202 2982 hoc
218 2905 354 2980 scilicet
367 2903 552 2980 reficietur
568 2925 616 2980 ne
630 2905 692 3000 stt,
718 2907 865 2982 coinon
881 2905 952 2981 eise
961 2907 1033 3001 jam
1050 2929 1137 2982 eve-

71 3009 139 3082 nit.
192 3003 319 3082 Eidem
335 3003 489 3100 notspei
503 3003 676 3096 fulciens,
703 3005 876 3099 passerum
895 3027 1043 3102 quoque
1059 3005 1139 3080 sub·
1242 3097 1244 3104 X

44 3105 190 3204 ejungit
210 3107 442 3200 exemplum,
483 3103 583 3197 quod
603 3133 642 3178 ex
662 3107 776 3178 duobus
795 3131 861 3178 uon
882 3111 971 3180 cudat
992 3107 1077 3176 alter
1098 3111 1138 3178 in

71 3223 196 3280 terram
211 3207 277 3301 ,ine
293 3209 357 3277 Dei
374 3205 564 3278 vulnerare.-
592 3219 633 3278 ut
654 3203 688 3278 dt
707 3225 851 3280 carnem
868 3227 947 3300 quae
963 3203 1139 3282 ceciderit

71 3307 276 3397 intertum,
300 3303 457 3399 proinde
470 3301 837 3402 credar&resurgere
850 3303 951 3400 posse
967 3327 1032 3400 per
1047 3305 1141 3400 ejus·
1219 3366 1224 3376 .

72 3405 157 3482 dem
173 3403 246 3478 Dei
262 3407 505 3480 voluntatem.
553 3405 649 3482 Nam
669 3403 732 3480 etsi
749 3403 943 3499 passeribus
960 3407 1036 3480 hoc
1058 3425 1138 3487 non

69 3504 182 3597 licet,
207 3501 350 3578 sedunt
367 3505 489 3580 multis
504 3502 697 3598 passeribus
712 3504 949 3598 attellamus,
977 3527 1024 3580 eo
1038 3505 1138 3598 quod

71 3605 249 3680 cadentes
265 3602 496 3700 resurgamus.
550 3605 717 3700 Quorum
733 3605 889 3696 denique
909 3606 1061 3700 capillos
1081 3625 1139 3680 cau

70 3707 157 3802 pitis
181 3703 311 3778 omnen
327 3713 539 3780 numeratos
561 3699 770 3796 adsumant,
806 3703 925 3780 salvos
942 3707 1068 3798 utique
1084 3725 1140 3778 re·

70 3801 269 3904 promittit.
319 3801 504 3882 Perituros
519 3803 704 3898 enimquae
720 3805 866 3892 raticio
882 3823 1139 3981 ntctlmcfftmge-
1208 3905 1214 3913 Ι

939 3925 993 4005 egr
1023 3915 1061 3978 et
